=LDR  04097cas a22009617  4500
=001  011118896
=003  Uk
=005  20211231171521.0
=007  ta
=008  771201d18232007enkwr\p\\\\\\\0\\\a0eng\\
=FMT  \\$a  SE
=022  0\$a0140-6736$z0023-7507
=040  \\$aUk$cUk$dUk
=082  04$a610$221
=084  \\$aGP 00$2blsrissc
=084  \\$aER 00$2blsrissc
=245  04$aThe lancet. (1823)-(2007). [LSR]
=260  \\$aLondon :$bJ. Onwhyn
=300  \\$av. ;$c28 cm.
=310  \\$aWeekly
=336  \\$atext$2rdacontent
=337  \\$aunmediated$2rdamedia
=338  \\$avolume$2rdacarrier
=500  \\$aEdited [to 1861] by T. Wakley; 1868-1886, Jan.-June, by J. G. Wakley; 1887, etc. by T. H. Wakley and T. Wakley.
=500  \\$aFrom 1919-57, also numbered vol. 196-273.
=540  \\$aCurrent copyright fee: GBP34.30$c5\1$5Uk
=650  \0$aMedicine$vPeriodicals.
=700  1\$aWakley, Thomas,$d1795-1862.
=856  \\$31850-9999$uhttp://www.elsevier.com/journals$xBLDSS
=852  41$aBritish Library$bHMNTS$jPP.2787.ab$3A new ed. vol. 1-4 (1826)
=852  49$aBritish Library$bDSC$j5146.000000$3Vol. 1(1823)-(2007)***UKRR Retained Title
=852  71$aBritish Library$bSTI$k(P)$hGP 00$m-E(14)$2blsrissc$3No. 4505 (1910)-(2007) ;***Deficient: No.8708, 8713, 8731 (1990)
=852  41$aBritish Library$bHMNTS$jPP.2787$31823-2007***Also held, a fragment consisting of pp. 129-448 of the original edition of vol. 4. ; Wakley, James Goodchild
=945  \\$aLANCET -LONDON-.
=959  \\$fHeld but not currently received
=963  \\$a1823- *A=1$bY$cP300.B.116
=964  \\$aVOL. 213, 1927- *A=1$c61$dQ$eJL05
=985  \\$aDQ DO NOT MERGE - LARGE SERIAL RECORD
=A02  \\$a2098370
=CAT  \\$aCONV$b00$c20040425$lBLL90$h0705
=CAT  \\$aBATCH-UPD$b40$c20081231$lBLL01$h2251
=CAT  \\$aBATCH-UPD$b40$c20090101$lBLL01$h0029
=CAT  \\$aBATCH$b00$c20090101$lBLL01$h0204
=CAT  \\$a11316$b40$c20091119$lBLL01$h0918
=CAT  \\$aWR11_155$c20111021$lBLL01$h1322
=CAT  \\$aWR11_155$c20111114$lBLL01$h1644
=CAT  \\$aBATCH-UPD$b00$c20111123$lBLL01$h1851
=CAT  \\$aIPL-CLA$c20111230$lBLL01$h1912
=CAT  \\$aBATCH-UPD$b00$c20121030$lBLL01$h1027
=CAT  \\$aBATCH-CLA$b00$c20121107$lBLL01$h1909
=CAT  \\$aBATCH-UPD$b00$c20121121$lBLL01$h1654
=CAT  \\$aWR12_168$c20121206$lBLL01$h1812
=CAT  \\$aIPL-CLA$c20121231$lBLL01$h1301
=CAT  \\$aIPL-CLA$c20130102$lBLL01$h1713
=CAT  \\$aWR13.005$c20130323$lBLL01$h1416
=CAT  \\$aBLDSS-3PM$b00$c20141222$lBLL01$h1711
=CAT  \\$aBATCH-UPD$b00$c20160413$lBLL01$h1812
=CAT  \\$aBATCH-UPD$b00$c20160601$lBLL01$h0723
=CAT  \\$aBATCH-UPD$b00$c20171121$lBLL01$h1741
=CAT  \\$aIPL-CLA$c20171231$lBLL01$h1534
=CAT  \\$a5552$b40$c20181204$lBLL01$h0937
=CAT  \\$aBATCH-UPD$b40$c20190521$lBLL01$h1433
=CAT  \\$aIPL-CLA$c20190630$lBLL01$h1529
=CAT  \\$aBATCH-UPD$b00$c20211119$lBLL01$h1551
=CAT  \\$aIPL-CLA$c20211231$lBLL01$h1715
=CFI  0\$aCurrent copyright fee: GBP34.30$c5\1$e01-jan-2022$fGBP34.30$g0$hP$5Uk
=CFI  2\$aPrevious copyright fee: GBP32.84$c5\1$e01-jul-2019$fGBP32.84$g0$hP$5Uk
=EST  \\$a2
=EXP  \\$aX
=FFP  \\$aY$bBLDSS-3PM
=FIN  \\$aY
=STA  \\$aSUPPRESSED$bLarge Serial Record
=TCO  \\$aCLA$bCLA$c008
=TOC  \\$aETOC
=ACF  \\$aPrevious copyright fee: GBP19.00$c5\3$e01-jan-2008$fGBP19.00$g0$hP$5Uk
=ACF  \\$aPrevious copyright fee: GBP18.00$c5\3$e01-apr-2004$fGBP18.00$g0$hP$5Uk
=ACF  \\$aCurrent copyright fee: GBP20.00$c5\3$e01-jan-2003$fGBP20.00$g0$hP$5Uk
=ACF  \\$aCurrent copyright fee: GBP15.00$c5\3$e01-jul-2002$fGBP15.00$g0$hP$5Uk
=ACF  \\$aPrevious copyright fee: GBP20.00$c5\1$e01-jan-2009$fGBP20.00$g0$hP$5Uk
=ACF  \\$aPrevious copyright fee: GBP21.00$c5\1$e01-jan-2012$fGBP21.00$g0$hP$5Uk
=ACF  \\$aPrevious copyright fee: GBP22.50$c5\1$e01-jan-2013$fGBP22.50$g0$hP$5Uk
=ACF  \\$aPrevious copyright fee: GBP23.40$c5\1$e01-jan-2018$fGBP23.40$g0$hP$5Uk
=LAS  \\$aIPL-CLA$b00$c20211231$lBLL01$h1715

