=LDR  04361cas a22009377  4500
=001  012417875
=003  Uk
=005  20221231204535.0
=007  ta
=008  771001d18692007enkwr\p\\\\\\\0\\\a0eng\\
=FMT  \\$a  SE
=022  0\$a0028-0836$z0302-2889$202
=040  \\$aUk$cUk$dUk
=082  04$a505$221
=130  0\$aNature (London, England)
=245  10$aNature. 1869-2007. [LSR].
=260  \\$aLondon :$bMacmillan
=300  \\$av. :$c28 cm.
=310  \\$aWeekly
=336  \\$atext$2rdacontent
=337  \\$aunmediated$2rdamedia
=338  \\$avolume$2rdacarrier
=595  \\$aAbsorbs 6045.1 6045.2 and 6047.35. See also card index.
=580  \\$aVol. 229-246, Jan. 1971-Dec. 1973, issued in three parts. The two new parts, Nature: new biology, and Nature: physical sciences, continued the volume numbering of Nature in addition to carrying their own issue numbering. With vol. 246, Dec. 1973, Nature: new biology, and Nature: physical sciences, ceased publication and were absorbed by Nature.
=540  \\$aCurrent copyright fee: GBP34.95$c16\0$5Uk
=650  \0$aScience$vPeriodicals.
=856  \\$31850-9999$uhttp://www.nature.com/$xBLDSS
=852  41$aBritish Library$bHMNTS$jCD.2002/382.$3Accompanying software
=852  71$aBritish Library$bSTI$k(TP)$hBX 80$m-E(3)$2blsrissc$3Accompanying CD-ROMs
=852  49$aBritish Library$bDSC$j6045.000000$3Vol. 1 (1869)-***UKRR Retained Title
=852  71$aBritish Library$bSTI$k(P)$hBX 80$m-E(3)$2blsrissc$3Vol. 1, no. 1 (1869)-(2007) ; Deficient: no.5278
=852  41$aBritish Library$bHMNTS$jP.P.2011.c.
=945  \\$aNature -London-
=963  \\$aVol. 1 (1869)-$bY$cP340:1.B.95
=985  \\$aDQ DO NOT MERGE - LARGE SERIAL RECORD
=CAT  \\$aCONV$b00$c20040425$lBLL90$h0707
=CAT  \\$aBATCH$b00$c20060929$lBLL01$h2257
=CAT  \\$aBATCH-UPD$b00$c20061122$lBLL01$h1209
=CAT  \\$aBATCH-UPD$b00$c20061229$lBLL01$h2014
=CAT  \\$aBATCH-UPD$b00$c20061229$lBLL01$h2103
=CAT  \\$aBATCH$b00$c20061229$lBLL01$h2151
=CAT  \\$a8456$b40$c20070829$lBLL01$h1104
=CAT  \\$a8456$b40$c20070903$lBLL01$h1059
=CAT  \\$a8180$b40$c20071116$lBLL01$h0808
=CAT  \\$a10932$b40$c20071116$lBLL01$h1111
=CAT  \\$a8180$b40$c20071119$lBLL01$h1608
=CAT  \\$aBATCH-UPD$b40$c20081209$lBLL01$h1454
=CAT  \\$aBATCH-UPD$b40$c20081231$lBLL01$h2309
=CAT  \\$aBATCH-UPD$b40$c20090101$lBLL01$h0044
=CAT  \\$aBATCH$b00$c20090101$lBLL01$h0219
=CAT  \\$aBATCH-UPD$b00$c20100818$lBLL01$h1551
=CAT  \\$aIPL-CLA$c20100930$lBLL01$h1523
=CAT  \\$aBATCH-UPD$b00$c20121030$lBLL01$h1027
=CAT  \\$aBATCH-CLA$b00$c20121109$lBLL01$h1736
=CAT  \\$a5552$b40$c20131016$lBLL01$h0910
=CAT  \\$aBLDSS-3PM$b00$c20150111$lBLL01$h1520
=CAT  \\$aBATCH-UPD$b00$c20160601$lBLL01$h0845
=CAT  \\$aBATCH-UPD$b00$c20171121$lBLL01$h1636
=CAT  \\$aIPL-CLA$c20171231$lBLL01$h1618
=CAT  \\$aBATCH-UPD$b00$c20221121$lBLL01$h1331
=CAT  \\$aIPL-CLA$c20221231$lBLL01$h2045
=CFI  0\$aCurrent copyright fee: GBP34.95$c16\0$e01-jan-2023$fGBP34.95$g0$hP$5Uk
=CFI  2\$aPrevious copyright fee: GBP24.00$c16\0$e01-jan-2018$fGBP24.00$g0$hP$5Uk
=EXP  \\$aX
=FFP  \\$aY$bBLDSS-3PM
=STA  \\$aSUPPRESSED$bLarge Serial Record
=TCO  \\$aCLA$bCLA$c008
=TOC  \\$aETOC
=UNO  \\$aY
=ACF  \\$aPrevious copyright fee: GBP16.60$c16\0$e01-jan-2007$fGBP16.60$g0$hP$5Uk
=ACF  \\$aPrevious copyright fee: GBP16.22$c16\0$e01-oct-2006$fGBP16.22$g0$hP$5Uk
=ACF  \\$aPrevious copyright fee: GBP17.14$c16\0$e01-apr-2006$fGBP17.14$g0$hP$5Uk
=ACF  \\$aPrevious copyright fee: GBP16.67$c16\0$e01-jan-2006$fGBP16.67$g0$hP$5Uk
=ACF  \\$aPrevious copyright fee: GBP16.22$c16\0$e01-apr-2005$fGBP16.22$g0$hP$5Uk
=ACF  \\$aPrevious copyright fee: GBP16.67$c16\0$e01-jan-2005$fGBP16.67$g0$hP$5Uk
=ACF  \\$aPrevious copyright fee: GBP13.51$c16\0$e01-apr-2004$fGBP13.51$g0$hP$5Uk
=ACF  \\$aCurrent copyright fee: GBP14.71$c16\0$e01-jan-2004$fGBP14.71$g0$hP$5Uk
=ACF  \\$aCurrent copyright fee: GBP15.63$c16\0$e01-jan-2003$fGBP15.63$g0$hP$5Uk
=ACF  \\$aPrevious copyright fee: GBP17.50$c16\0$e01-jan-2009$fGBP17.50$g0$hP$5Uk
=ACF  \\$aPrevious copyright fee: GBP22.00$c16\0$e01-oct-2010$fGBP22.00$g0$hP$5Uk
=LAS  \\$aIPL-CLA$b00$c20221231$lBLL01$h2045

