=LDR  08083cas a22015017  4500
=001  012420806
=003  Uk
=005  20220930155406.0
=008  750901d19282021mauwr\p\\\\\\\0\\\a0eng\\
=FMT  \\$a  SE
=010  \\$a20020456
=022  0\$a0028-4793
=040  \\$aUk$cUk$dUk
=082  04$a610$221
=084  \\$aGP 00$2blsrissc
=245  04$aThe New England journal of medicine. 1928-2021. [LSR].
=246  1\$iCommonly known as:$aNEJM
=260  \\$aBoston :$bMassachusetts Medical Society,$c1928-
=300  \\$av. :$bill. ;$c29 cm.
=310  \\$aWeekly
=336  \\$atext$2rdacontent
=337  \\$aunmediated$2rdamedia
=338  \\$avolume$2rdacarrier
=362  0\$av. 198- Feb. 23, 1928-
=510  2\$aChemical abstracts,$x0009-2258
=530  \\$aBeginning with 1993 available online by subscription via the World Wide Web.
=555  \\$aVols. 269-278, 1963-69. 1 v.; v. 279-288, 1968-73. 1 v.; v. 306-315, 1982-86. 1 v.
=588  \\$aLatest issue consulted: vol. 370, no. 19 (May 89, 2014).
=595  \\$aFORMERLY 2251.819 CHANGE BETWEEN VOL. 196, 1927 AND 198, 1928 SEE ALSO RMS.
=540  \\$aCurrent copyright fee: GBP25.00$c53\0$5Uk
=650  \0$aMedicine$vPeriodicals.
=650  \0$aSurgery$vPeriodicals.
=710  2\$aMassachusetts Medical Society.
=856  \\$31812-9999$uhttp://www.nejm.org/$xBLDSS
=852  41$aBritish Library$bHMNTS$jP.P.2894.ca.$3Vol. 198 (Feb. 23, 1928)-v. 243, no. 26 (Dec. 28 1950)
=852  49$aBritish Library$bDSC$j6084.000000$3Vol. 198 (1928)-v. 385, no. 27 (2021)***Stock incomplete***UKRR Retained Title
=852  41$aBritish Library$bHMNTS$jX.0322/305$3Vol. 301, no. 1 (1979)-v. 385 (2021)
=852  71$aBritish Library$bSTI$k(P)$hGP 00$m-E(114)$2blsrissc$3Vol. 240 (1949)-v. 385, no. 27 (2021)***Stock incomplete***UKRR Retained Title
=945  \\$aNEW ENGLAND JOURNAL OF MEDICINE.
=963  \\$aVOL. 308, 1983- 331, 1994 *A=1$bY$cP300.B.325
=985  \\$aDQ DO NOT MERGE - LARGE SERIAL RECORD
=A02  \\$a2114870
=CAT  \\$aCONV$b00$c20040425$lBLL90$h0707
=CAT  \\$aIPL-CLA$c20170331$lBLL01$h1840
=CAT  \\$aBATCH-UPD$b00$c20170904$lBLL01$h2048
=CAT  \\$aIPL-CLA$c20170929$lBLL01$h1724
=CAT  \\$aBATCH-UPD$b00$c20180223$lBLL01$h1945
=CAT  \\$aIPL-CLA$c20180331$lBLL01$h1615
=CAT  \\$aBATCH-UPD$b00$c20180823$lBLL01$h2002
=CAT  \\$aIPL-CLA$c20180930$lBLL01$h1500
=CAT  \\$aBATCH-UPD$b00$c20190829$lBLL01$h1604
=CAT  \\$aIPL-CLA$c20190930$lBLL01$h1635
=CAT  \\$aBATCH-UPD$b00$c20200219$lBLL01$h1554
=CAT  \\$aIPL-CLA$c20200331$lBLL01$h1611
=CAT  \\$aBATCH-UPD$b00$c20200522$lBLL01$h1525
=CAT  \\$aIPL-CLA$c20200701$lBLL01$h0053
=CAT  \\$aBATCH-UPD$b00$c20210226$lBLL01$h1109
=CAT  \\$aIPL-CLA$c20210331$lBLL01$h1659
=CAT  \\$aBATCH-UPD$b00$c20210707$lBLL01$h1632
=CAT  \\$aIPL-CLA$c20210707$lBLL01$h1843
=CAT  \\$a10932$b40$c20220125$lBLL01$h1202
=CAT  \\$a10932$b40$c20220125$lBLL01$h1206
=CAT  \\$a10932$b40$c20220125$lBLL01$h1212
=CAT  \\$a6490$b40$c20220127$lBLL01$h1415
=CAT  \\$aBATCH-UPD$b40$c20220520$lBLL01$h1714
=CAT  \\$aIPL-CLA$c20220630$lBLL01$h1706
=CAT  \\$aBATCH-UPD$b00$c20220824$lBLL01$h0935
=CAT  \\$aIPL-CLA$c20220930$lBLL01$h1554
=CFI  0\$aCurrent copyright fee: GBP25.00$c53\0$e01-oct-2022$fGBP25.00$g0$hP$5Uk
=CFI  2\$aPrevious copyright fee: GBP24.00$c53\0$e01-jul-2022$fGBP24.00$g0$hP$5Uk
=EXP  \\$aX
=FFP  \\$aY$bBLDSS-3PM
=STA  \\$aSUPPRESSED$bLarge Serial Record
=TCO  \\$aTRS$bCCC$c008
=TOC  \\$aETOC
=ACF  \\$aPrevious copyright fee: GBP13.75$c53\0$e01-jul-2011$fGBP13.75$g0$hP$5Uk
=ACF  \\$aPrevious Copyright Fee: GBP14.19$c53\0$e25-may-2011$fGBP14.19$g0$hP$5Uk
=ACF  \\$aCurrent Copyright Fee: GBP13.20$c0$e01-apr-2011$fGBP13.20$g0$hC$5Uk
=ACF  \\$aPrevious Copyright Fee: GBP13.20$c0$e01-jan-2011$fGBP13.20$g0$hC$5Uk
=ACF  \\$aPrevious Copyright Fee: GBP13.20$c0$e01-oct-2010$fGBP13.20$g0$hC$5Uk
=ACF  \\$aPrevious Copyright Fee: GBP9.00$c0$e01-jul-2010$fGBP9.00$g0$hC$5Uk
=ACF  \\$aPrevious Copyright Fee: GBP9.00$c0$e01-apr-2010$fGBP9.00$g0$hC$5Uk
=ACF  \\$aPrevious Copyright Fee: GBP9.00$c0$e01-Jan-2010$fGBP9.00$g0$hC$5Uk
=ACF  \\$aPrevious Copyright Fee: GBP9.00$c0$e01-oct-2009$fGBP9.00$g0$hC$5Uk
=ACF  \\$aPrevious Copyright Fee: GBP10.71$c0$e01-jul-2009$fGBP10.71$g0$hC$5Uk
=ACF  \\$aPrevious Copyright Fee: GBP10.71$c0$e01-apr-2009$fGBP10.71$g0$hC$5Uk
=ACF  \\$aPrevious Copyright Fee: GBP9.38$c0$e01-jan-2009$fGBP9.38$g0$hC$5Uk
=ACF  \\$aPrevious Copyright Fee: GBP7.50$c0$e01-oct-2008$fGBP7.50$g0$hC$5Uk
=ACF  \\$aPrevious Copyright Fee: GBP7.50$c0$e01-jul-2008$fGBP7.50$g0$hC$5Uk
=ACF  \\$aPrevious Copyright Fee: GBP7.50$c0$e01-apr-2008$fGBP7.50$g0$hC$5Uk
=ACF  \\$aPrevious Copyright Fee: GBP7.50$c0$e01-jan-2008$fGBP7.50$g0$hC$5Uk
=ACF  \\$aPrevious Copyright Fee: GBP7.50$c0$e01-oct-2007$fGBP7.50$g0$hC$5Uk
=ACF  \\$aPrevious Copyright Fee: GBP7.50$c0$e01-jul-2007$fGBP7.50$g0$hC$5Uk
=ACF  \\$aPrevious Copyright Fee: GBP7.69$c0$e01-apr-2007$fGBP7.69$g0$hC$5Uk
=ACF  \\$aPrevious Copyright Fee: GBP8.11$c0$e01-jan-2007$fGBP8.11$g0$hC$5Uk
=ACF  \\$aPrevious Copyright Fee: GBP8.11$c0$e01-oct-2006$fGBP8.11$g0$hC$5Uk
=ACF  \\$aPrevious Copyright Fee: GBP8.57$c0$e01-jul-2006$fGBP8.57$g0$hC$5Uk
=ACF  \\$aPrevious Copyright Fee: GBP8.57$c0$e01-apr-2006$fGBP8.57$g0$hC$5Uk
=ACF  \\$aPrevious Copyright Fee: GBP8.33$c0$e01-jan-2006$fGBP8.33$g0$hC$5Uk
=ACF  \\$aPrevious Copyright Fee: GBP8.11$c0$e01-oct-2005$fGBP8.11$g0$hC$5Uk
=ACF  \\$aPrevious Copyright Fee: GBP8.11$c0$e01-jul-2005$fGBP8.11$g0$hC$5Uk
=ACF  \\$aPrevious Copyright Fee: GBP8.11$c0$e01-apr-2005$fGBP8.11$g0$hC$5Uk
=ACF  \\$aPrevious Copyright Fee: GBP8.33$c0$e01-jan-2005$fGBP8.33$g0$hC$5Uk
=ACF  \\$aPrevious Copyright Fee: GBP8.11$c0$e01-oct-2004$fGBP8.11$g0$hC$5Uk
=ACF  \\$aPrevious copyright fee: GBP8.11$c0$e01-apr-2004$fGBP8.11$g0$hC$5Uk
=ACF  \\$aCurrent copyright fee: GBP8.82$c0$e01-jan-2004$fGBP8.82$g0$hC$5Uk
=ACF  \\$aCurrent copyright fee: GBP9.38$c0$e01-jan-2003$fGBP9.38$g0$hC$5Uk
=ACF  \\$aPrevious copyright fee: GBP19.35$c53\0$e01-jan-2012$fGBP19.35$g0$hP$5Uk
=ACF  \\$aPrevious copyright fee: GBP18.18$c53\0$e01-jul-2012$fGBP18.18$g0$hP$5Uk
=ACF  \\$aPrevious copyright fee: GBP18.75$c53\0$e01-jan-2013$fGBP18.75$g0$hP$5Uk
=ACF  \\$aPrevious copyright fee: GBP19.35$c53\0$e01-jul-2013$fGBP19.35$g0$hP$5Uk
=ACF  \\$aPrevious copyright fee: GBP18.75$c53\0$e01-jan-2014$fGBP18.75$g0$hP$5Uk
=ACF  \\$aPrevious copyright fee: GBP18.18$c53\0$e01-jul-2014$fGBP18.18$g0$hP$5Uk
=ACF  \\$aPrevious copyright fee: GBP19.35$c53\0$e01-apr-2015$fGBP19.35$g0$hP$5Uk
=ACF  \\$aPrevious copyright fee: GBP20.00$c53\0$e01-jul-2015$fGBP20.00$g0$hP$5Uk
=ACF  \\$aPrevious copyright fee: GBP19.35$c53\0$e01-oct-2015$fGBP19.35$g0$hP$5Uk
=ACF  \\$aPrevious copyright fee: GBP20.69$c53\0$e01-apr-2016$fGBP20.69$g0$hP$5Uk
=ACF  \\$aPrevious copyright fee: GBP22.22$c53\0$e01-oct-2016$fGBP22.22$g0$hP$5Uk
=ACF  \\$aPrevious copyright fee: GBP24.00$c53\0$e01-apr-2017$fGBP24.00$g0$hP$5Uk
=ACF  \\$aPrevious copyright fee: GBP23.08$c53\0$e01-oct-2017$fGBP23.08$g0$hP$5Uk
=ACF  \\$aPrevious copyright fee: GBP21.43$c53\0$e01-apr-2018$fGBP21.43$g0$hP$5Uk
=ACF  \\$aPrevious copyright fee: GBP23.08$c53\0$e01-oct-2018$fGBP23.08$g0$hP$5Uk
=ACF  \\$aPrevious copyright fee: GBP24.00$c53\0$e01-oct-2019$fGBP24.00$g0$hP$5Uk
=ACF  \\$aPrevious copyright fee: GBP23.08$c53\0$e01-apr-2020$fGBP23.08$g0$hP$5Uk
=ACF  \\$aPrevious copyright fee: GBP24.00$c53\0$e01-jul-2020$fGBP24.00$g0$hP$5Uk
=ACF  \\$aPrevious copyright fee: GBP22.22$c53\0$e01-apr-2021$fGBP22.22$g0$hP$5Uk
=ACF  \\$aPrevious copyright fee: GBP21.43$c53\0$e07-jul-2021$fGBP21.43$g0$hP$5Uk
=LAS  \\$aIPL-CLA$b00$c20220930$lBLL01$h1554

