=LDR  05327cas a22011297  4500
=001  010462435
=003  Uk
=005  20220930155111.0
=007  ta
=008  840320d19622007xxuer\p\\\\\\\0\\\a0eng\\
=FMT  \\$a  SE
=022  0\$a0003-6951
=040  \\$aUk$cUk$dUk
=082  04$a621$221
=084  \\$aPQ 00$2blsrissc
=245  00$aApplied physics letters. (1962)-(2007). [LSR].
=260  \\$aNew York :$bAmerican Institute of Physics
=300  \\$av. ;$c27 cm.
=310  \\$aFortnightly
=336  \\$atext$2rdacontent
=337  \\$aunmediated$2rdamedia
=338  \\$avolume$2rdacarrier
=595  \\$aSEE ALSO SERIAL RECORDS KCS SE.
=555  \\$aCumulative index.
=540  \\$aCurrent copyright fee: GBP29.17$c7\0$5Uk
=710  2\$aAmerican Institute of Physics.
=856  \\$31850-9999$uhttp://www.aip.org$xBLDSS
=852  49$aBritish Library$bDSC$j1576.400000$3Volume 1(1962)-v. 91, no. 26(2007)***UKRR Retained Title
=852  71$aBritish Library$bSTI$k(P)$hPQ 00$m-E(12)$2blsrissc$3Vol.1 (1962)-v.91, no. 26(2007) ; Deficient: vol.62, no.27, 1993
=945  \\$aAPPLIED PHYSICS LETTERS
=959  \\$fCurrently received
=963  \\$aCA/U-2 VOL. 1, 1962- *A=1$bY
=964  \\$aVOL. 1, 1962- *A=1$c53$dQ$eJA605638
=968  \\$aC
=985  \\$aDQ DO NOT MERGE - LARGE SERIAL RECORD
=CAT  \\$aCONV$b00$c20040425$lBLL90$h0659
=CAT  \\$aIPL-CLA$c20160930$lBLL01$h1552
=CAT  \\$aBATCH-UPD$b00$c20170216$lBLL01$h2027
=CAT  \\$aIPL-CLA$c20170331$lBLL01$h1834
=CAT  \\$aBATCH-UPD$b00$c20170904$lBLL01$h2056
=CAT  \\$aIPL-CLA$c20170929$lBLL01$h1718
=CAT  \\$aBATCH-UPD$b00$c20180223$lBLL01$h1955
=CAT  \\$aIPL-CLA$c20180331$lBLL01$h1607
=CAT  \\$aBATCH-UPD$b00$c20180823$lBLL01$h2010
=CAT  \\$aIPL-CLA$c20180930$lBLL01$h1456
=CAT  \\$aBATCH-UPD$b00$c20190829$lBLL01$h1614
=CAT  \\$aIPL-CLA$c20190930$lBLL01$h1632
=CAT  \\$aBATCH-UPD$b00$c20200219$lBLL01$h1615
=CAT  \\$aIPL-CLA$c20200331$lBLL01$h1608
=CAT  \\$aBATCH-UPD$b00$c20200522$lBLL01$h1541
=CAT  \\$aIPL-CLA$c20200701$lBLL01$h0049
=CAT  \\$aBATCH-UPD$b00$c20200820$lBLL01$h1757
=CAT  \\$aIPL-CLA$c20200930$lBLL01$h1641
=CAT  \\$aBATCH-UPD$b00$c20210226$lBLL01$h1123
=CAT  \\$aIPL-CLA$c20210331$lBLL01$h1837
=CAT  \\$aBATCH-UPD$b00$c20210707$lBLL01$h1647
=CAT  \\$aIPL-CLA$c20210707$lBLL01$h1954
=CAT  \\$aBATCH-UPD$b00$c20220520$lBLL01$h1731
=CAT  \\$aIPL-CLA$c20220630$lBLL01$h1702
=CAT  \\$aBATCH-UPD$b00$c20220824$lBLL01$h0949
=CAT  \\$aIPL-CLA$c20220930$lBLL01$h1551
=CFI  0\$aCurrent copyright fee: GBP29.17$c7\0$e01-oct-2022$fGBP29.17$g0$hP$5Uk
=CFI  2\$aPrevious copyright fee: GBP28.00$c7\0$e01-jul-2022$fGBP28.00$g0$hP$5Uk
=EXP  \\$aX
=FFP  \\$aY$bBLDSS-3PM
=STA  \\$aSUPPRESSED$bLarge Serial Record
=TCO  \\$aTRS$bCCC$c008
=TOC  \\$aETOC
=UNO  \\$aY
=ACF  \\$aPrevious copyright fee: GBP18.75$c7\0$e01-jul-2011$fGBP18.75$g0$hP$5Uk
=ACF  \\$aPrevious copyright fee: GBP19.35$c7\0$e01-jul-2010$fGBP19.35$g0$hP$5Uk
=ACF  \\$aPrevious copyright fee: GBP18.18$c7\0$e01-jan-2010$fGBP18.18$g0$hP$5Uk
=ACF  \\$aPrevious copyright fee: GBP14.00$c7\0$e01-jan-2005$fGBP14.00$g0$hP$5Uk
=ACF  \\$aPrevious copyright fee: GBP15.00$c7\0$e01-jan-2004$fGBP15.00$g0$hP$5Uk
=ACF  \\$aCurrent copyright fee: GBP14.00$c7\0$e01-jan-2003$fGBP14.00$g0$hP$5Uk
=ACF  \\$aCurrent copyright fee: GBP13.00$c7\0$e01-jan-2002$fGBP13.00$g0$hP$5Uk
=ACF  \\$aPrevious copyright fee: GBP19.35$c7\0$e01-jan-2012$fGBP19.35$g0$hP$5Uk
=ACF  \\$aPrevious copyright fee: GBP18.18$c7\0$e01-jul-2012$fGBP18.18$g0$hP$5Uk
=ACF  \\$aPrevious copyright fee: GBP18.75$c7\0$e01-jan-2013$fGBP18.75$g0$hP$5Uk
=ACF  \\$aPrevious copyright fee: GBP19.35$c7\0$e01-jul-2013$fGBP19.35$g0$hP$5Uk
=ACF  \\$aPrevious copyright fee: GBP18.75$c7\0$e01-jan-2014$fGBP18.75$g0$hP$5Uk
=ACF  \\$aPrevious copyright fee: GBP19.36$c7\0$e01-apr-2015$fGBP19.36$g0$hP$5Uk
=ACF  \\$aPrevious copyright fee: GBP18.18$c7\0$e01-jul-2014$fGBP18.18$g0$hP$5Uk
=ACF  \\$aPrevious copyright fee: GBP19.35$c7\0$e08-feb-2016$fGBP19.35$g0$hP$5Uk
=ACF  \\$aPrevious copyright fee: GBP20.69$c7\0$e01-apr-2016$fGBP20.69$g0$hP$5Uk
=ACF  \\$aPrevious copyright fee: GBP22.22$c7\0$e01-oct-2016$fGBP22.22$g0$hP$5Uk
=ACF  \\$aPrevious copyright fee: GBP24.00$c7\0$e01-apr-2017$fGBP24.00$g0$hP$5Uk
=ACF  \\$aPrevious copyright fee: GBP23.08$c7\0$e01-oct-2017$fGBP23.08$g0$hP$5Uk
=ACF  \\$aPrevious copyright fee: GBP21.43$c7\0$e01-apr-2018$fGBP21.43$g0$hP$5Uk
=ACF  \\$aPrevious copyright fee: GBP23.08$c7\0$e01-oct-2018$fGBP23.08$g0$hP$5Uk
=ACF  \\$aPrevious copyright fee: GBP24.00$c7\0$e01-oct-2019$fGBP24.00$g0$hP$5Uk
=ACF  \\$aPrevious copyright fee: GBP23.08$c7\0$e01-apr-2020$fGBP23.08$g0$hP$5Uk
=ACF  \\$aPrevious copyright fee: GBP24.00$c7\0$e01-jul-2020$fGBP24.00$g0$hP$5Uk
=ACF  \\$aPrevious copyright fee: GBP28.00$c7\0$e01-oct-2020$fGBP28.00$g0$hP$5Uk
=ACF  \\$aPrevious copyright fee: GBP25.93$c7\0$e01-apr-2021$fGBP25.93$g0$hP$5Uk
=ACF  \\$aPrevious copyright fee: GBP25.00$c7\0$e07-jul-2021$fGBP25.00$g0$hP$5Uk
=LAS  \\$aIPL-CLA$b00$c20220930$lBLL01$h1551

