=LDR  06889cas a22012857  4500
=001  007872716
=003  Uk
=005  20221231183853.0
=007  ta
=008  810721d19812008xxuux\m\\\\\\\1\\\a0eng\\
=FMT  \\$a  SE
=022  0\$a0277-786X
=040  \\$aUk$cUk$dUk
=082  04$a621.367$221
=084  \\$aQN 70$2blsrissc
=110  2\$aSociety of Photo-Optical Instrumentation Engineers.
=245  10$aProceedings of SPIE, the International Society for Optical Engineering. (1981)-Volume 7000(2008). [LSR].
=260  \\$aRedondo Beach, Calif.,
=300  \\$av. ;$c28 cm.
=310  \\$aIrregular
=336  \\$atext$2rdacontent
=337  \\$aunmediated$2rdamedia
=338  \\$avolume$2rdacarrier
=362  1\$aBegan with v. 266 in 1981.
=500  \\$aProceedings also have a distinctive title.
=500  \\$aConsists of the proceedings of seminars and meetings.
=580  \\$aContains symposia formerly published as proceedings of the Society's Annual Technical Symposium, q.v.
=500  \\$aSome issues entitled technical digest.
=595  \\$aFORMERLY 6815.800 UP TO VOL. 265, 1981 ABSORBS 6846.453 SEE ALSO CARD INDEX CR NUMBERS HELD AT 3487.4792.
=540  \\$aCurrent copyright fee: GBP17.50$c55\0$5Uk
=856  \\$31850-9999$uhttp://www.spie.org/$xBLDSS
=852  41$aBritish Library$bHMNTS$jZK.9.a.10053$3Vol. 6092 (2006)-v. 6429 (2007)***Stock incomplete
=852  41$aBritish Library$bHMNTS$jYD.2016.b.394
=852  49$aBritish Library$bDSC$j6823.100000$3Vol. 266 (1981)-v. 7000 (2008)
=852  71$aBritish Library$bSTI$k(P)$hQN 70$m-E(5)$2blsrissc$3(1980)-v. 7000 (2008)***Deficient: vol. 377, 436, 442, 449, 451, 472, 1145***Vol. 552 shelved with "Optical engineering"; v. 919 shelved with "The industrial laser annual handbook"
=945  \\$aPROCEEDINGS- SPIE THE INTERNATIONAL SOCIETY FOR OPTICAL ENGINEERING.
=959  \\$fCurrently received
=963  \\$aCA/U-2 VOL. 266, 1981- *A=1$bN
=985  \\$aDQ DO NOT MERGE - LARGE SERIAL RECORD
=A02  \\$a2207002
=CAT  \\$aCONV$b00$c20040425$lBLL90$h0708
=CAT  \\$a5552$b40$c20120704$lBLL01$h0904
=CAT  \\$aBATCH-UPD$b40$c20121030$lBLL01$h1027
=CAT  \\$aBATCH-CLA$b00$c20121104$lBLL01$h1042
=CAT  \\$aWR13.005$c20130329$lBLL01$h1236
=CAT  \\$aBATCH-CLA$b00$c20140125$lBLL01$h1324
=CAT  \\$aBATCH-CLA$c20140225$lBLL01$h2314
=CAT  \\$aBLDSS-3PM$b00$c20150119$lBLL01$h1617
=CAT  \\$a5552$b40$c20150421$lBLL01$h1549
=CAT  \\$aBATCH-UPD$b40$c20160524$lBLL01$h2233
=CAT  \\$aBATCH-UPD$b40$c20160525$lBLL01$h0340
=CAT  \\$a12654$b40$c20191106$lBLL01$h0943
=CAT  \\$aBATCH-UPD$b40$c20200219$lBLL01$h1558
=CAT  \\$aIPL-CLA$c20200331$lBLL01$h1604
=CAT  \\$aBATCH-UPD$b00$c20200522$lBLL01$h1529
=CAT  \\$aIPL-CLA$c20200701$lBLL01$h0045
=CAT  \\$aBATCH-UPD$b00$c20210226$lBLL01$h1112
=CAT  \\$aIPL-CLA$c20210331$lBLL01$h1833
=CAT  \\$aBATCH-UPD$b00$c20210707$lBLL01$h1635
=CAT  \\$aIPL-CLA$c20210707$lBLL01$h1954
=CAT  \\$aBATCH-UPD$b00$c20220520$lBLL01$h1718
=CAT  \\$aIPL-CLA$c20220630$lBLL01$h1658
=CAT  \\$aBATCH-UPD$b00$c20220824$lBLL01$h0938
=CAT  \\$aIPL-CLA$c20220930$lBLL01$h1547
=CAT  \\$aBATCH-UPD$b00$c20221126$lBLL01$h1251
=CAT  \\$aIPL-CLA$c20221231$lBLL01$h1838
=CAT  \\$aBATCH-UPD$b00$c20230826$lBLL01$h2017
=CFI  0\$aCurrent copyright fee: GBP17.50$c55\0$e01-jan-2023$fGBP17.50$g0$hP$5Uk
=CFI  2\$aPrevious copyright fee: GBP15.00$c55\0$e01-oct-2022$fGBP15.00$g0$hP$5Uk
=EXP  \\$aX
=FFP  \\$aY$bBLDSS-3PM
=SSD  \\$a50300{dollar}aVol.97, 189, etc. shelved with "International Congress on High Speed Photography. Proceedings... ", q.v., vol.99 with "European Electro-Optics Markets and Technology Conference. Proceedings... ", q.v; 50300{dollar}aContains symposia formerly published as proceedings of the Society's Annual Technical Symposium, q.v
=STA  \\$aSUPPRESSED$bLarge Serial Record
=TCO  \\$aTRS$bCCC$c008
=TOC  \\$aETOC
=UNO  \\$aY
=ACF  \\$aPrevious Copyright Fee: GBP10.80$c0$e01-oct-2011$fGBP10.80$g0$hC$5Uk
=ACF  \\$aPrevious Copyright Fee: GBP10.80$c0$e01-jul-2011$fGBP10.80$g0$hC$5Uk
=ACF  \\$aPrevious copyright fee: GBP11.10$c55\0$e10-jun-2011$fGBP11.10$g0$hP$5Uk
=ACF  \\$aCurrent Copyright Fee: GBP10.80$c0$e01-jan-2011$fGBP10.80$g0$hC$5Uk
=ACF  \\$aPrevious Copyright Fee: GBP10.80$c0$e01-oct-2010$fGBP10.80$g0$hC$5Uk
=ACF  \\$aPrevious Copyright Fee: GBP10.80$c0$e01-jul-2010$fGBP10.80$g0$hC$5Uk
=ACF  \\$aPrevious Copyright Fee: GBP10.80$c0$e01-apr-2010$fGBP10.80$g0$hC$5Uk
=ACF  \\$aPrevious Copyright Fee: GBP10.80$c0$e01-Jan-2010$fGBP10.80$g0$hC$5Uk
=ACF  \\$aPrevious Copyright Fee: GBP10.80$c0$e01-oct-2009$fGBP10.80$g0$hC$5Uk
=ACF  \\$aPrevious Copyright Fee: GBP12.86$c0$e01-jul-2009$fGBP12.86$g0$hC$5Uk
=ACF  \\$aPrevious Copyright Fee: GBP12.86$c0$e01-apr-2009$fGBP12.86$g0$hC$5Uk
=ACF  \\$aPrevious Copyright Fee: GBP11.25$c0$e01-jan-2009$fGBP11.25$g0$hC$5Uk
=ACF  \\$aPrevious Copyright Fee: GBP9.00$c0$e01-oct-2008$fGBP9.00$g0$hC$5Uk
=ACF  \\$aPrevious Copyright Fee: GBP9.00$c0$e01-jul-2008$fGBP9.00$g0$hC$5Uk
=ACF  \\$aPrevious Copyright Fee: GBP9.00$c0$e01-jul-2007$fGBP9.00$g0$hC$5Uk
=ACF  \\$aPrevious Copyright Fee: GBP9.23$c0$e01-apr-2007$fGBP9.23$g0$hC$5Uk
=ACF  \\$aPrevious Copyright Fee: GBP8.11$c0$e01-oct-2006$fGBP8.11$g0$hC$5Uk
=ACF  \\$aPrevious Copyright Fee: GBP8.57$c0$e01-apr-2006$fGBP8.57$g0$hC$5Uk
=ACF  \\$aPrevious Copyright Fee: GBP8.33$c0$e01-jan-2006$fGBP8.33$g0$hC$5Uk
=ACF  \\$aPrevious Copyright Fee: GBP8.11$c0$e01-apr-2005$fGBP8.11$g0$hC$5Uk
=ACF  \\$aPrevious Copyright Fee: GBP8.33$c0$e01-jan-2005$fGBP8.33$g0$hC$5Uk
=ACF  \\$aPrevious copyright fee: GBP8.11$c0$e01-apr-2004$fGBP8.11$g0$hC$5Uk
=ACF  \\$aCurrent copyright fee: GBP8.82$c0$e01-jan-2004$fGBP8.82$g0$hC$5Uk
=ACF  \\$aCurrent copyright fee: GBP9.38$c0$e01-apr-2003$fGBP9.38$g0$hC$5Uk
=ACF  \\$aPrevious copyright fee: GBP12.00$c55\0$e21-apr-2015$fGBP12.00$g0$hP$5Uk
=ACF  \\$aPrevious copyright fee: GBP11.50$c55\0$e01-jul-2012$fGBP11.50$g0$hP$5Uk
=ACF  \\$aPrevious copyright fee: GBP11.10$c55\0$e27-oct-2011$fGBP11.10$g0$hP$5Uk
=ACF  \\$aPrevious copyright fee: GBP17.00$c55\0$e06-nov-2019$fGBP17.00$g0$hP$5Uk
=ACF  \\$aPrevious copyright fee: GBP13.85$c55\0$e01-apr-2020$fGBP13.85$g0$hP$5Uk
=ACF  \\$aPrevious copyright fee: GBP14.40$c55\0$e01-jul-2020$fGBP14.40$g0$hP$5Uk
=ACF  \\$aPrevious copyright fee: GBP13.33$c55\0$e01-apr-2021$fGBP13.33$g0$hP$5Uk
=ACF  \\$aPrevious copyright fee: GBP12.86$c55\0$e07-jul-2021$fGBP12.86$g0$hP$5Uk
=ACF  \\$aPrevious copyright fee: GBP14.40$c55\0$e01-jul-2022$fGBP14.40$g0$hP$5Uk
=LAS  \\$aBATCH-UPD$b00$c20230826$lBLL01$h2017

