=LDR  02394cas a22005897  4500
=001  020465941
=003  Uk
=005  20220930161955.0
=008  750901c20229999mauwr\p\\\\\\\0\\\a0eng\\
=FMT  \\$a  SE
=010  \\$a20020456
=022  0\$a0028-4793
=040  \\$aUk$cUk$dUk
=082  04$a610$221
=084  \\$aGP 00$2blsrissc
=245  04$aThe New England journal of medicine. 2022- [LSR].
=246  1\$iCommonly known as:$aNEJM
=260  \\$aBoston :$bMassachusetts Medical Society,
=300  \\$av. :$bill. ;$c29 cm.
=310  \\$aWeekly
=336  \\$atext$2rdacontent
=337  \\$aunmediated$2rdamedia
=338  \\$avolume$2rdacarrier
=510  2\$aChemical abstracts,$x0009-2258
=530  \\$aAvailable online by subscription via the World Wide Web.
=540  \\$aCurrent copyright fee: GBP25.00$c53\0$5Uk
=650  \0$aMedicine$vPeriodicals.
=650  \0$aSurgery$vPeriodicals.
=710  2\$aMassachusetts Medical Society.
=856  \\$31812-9999$uhttp://www.nejm.org/$xBLDSS
=852  41$aBritish Library$bHMNTS$jX.0322/305$3Vol. 386, no. 1 (2022)-
=852  71$aBritish Library$bSTI$k(P)$hGP 00$m-E(114)$2blsrissc$3Vol. 386, no. 1 (2022)-***UKRR Retained Title
=852  49$aBritish Library$bDSC$j6084.000000$3Vol. 386, no. 1 (2022)-***Stock incomplete***UKRR Retained Title
=945  \\$aNEW ENGLAND JOURNAL OF MEDICINE.
=959  \\$fCurrently received
=985  \\$aDQ DO NOT MERGE - LARGE SERIAL RECORD
=CAT  \\$a10932$b40$c20220125$lBLL01$h1213
=CAT  \\$a10932$b40$c20220125$lBLL01$h1216
=CAT  \\$aBATCH-UPD$b40$c20220520$lBLL01$h1714
=CAT  \\$aIPL-CLA$c20220630$lBLL01$h1732
=CAT  \\$aBATCH-UPD$b00$c20220824$lBLL01$h0935
=CAT  \\$aIPL-CLA$c20220930$lBLL01$h1619
=CFI  0\$aCurrent copyright fee: GBP25.00$c53\0$e01-oct-2022$fGBP25.00$g0$hP$5Uk
=CFI  2\$aPrevious copyright fee: GBP24.00$c53\0$e01-jul-2022$fGBP24.00$g0$hP$5Uk
=EXP  \\$aX
=FFP  \\$aY$bBLDSS-3PM
=LKR  \\$aPAR$b012420806$lBLL01$mThe New England journal of medicine. 2022- [LSR].$nThe New England journal of medicine. 1928-2021. [LSR].
=STA  \\$aSUPPRESSED$bLarge Serial Record
=TOC  \\$aETOC
=ACF  \\$aPrevious copyright fee: GBP22.22$c53\0$e01-apr-2021$fGBP22.22$g0$hP$5Uk
=ACF  \\$aPrevious copyright fee: GBP21.43$c53\0$e07-jul-2021$fGBP21.43$g0$hP$5Uk
=LAS  \\$aIPL-CLA$b00$c20220930$lBLL01$h1619

