=LDR  07629cas a2201381   4500
=001  013618101
=003  Uk
=005  20221231213025.0
=007  ta
=008  900424d18572008enkwr\p\\\\\\\0\\\a0eng\\
=FMT  \\$a  SE
=022  0\$y0959-8138
=040  \\$aUk$beng$cUk$dUk
=082  04$a610$221
=084  \\$aGP 00$2blsrissc
=245  00$aBritish medical journal. 1857-2008. [LSR].
=246  1\$iMinor title change:$aBMJ :$bBritish medical journal,$f1988-
=260  \\$aLondon :$bBritish Medical Association
=300  \\$av. :$c30-31 cm.
=310  \\$aWeekly
=336  \\$atext$2rdacontent
=337  \\$aunmediated$2rdamedia
=338  \\$avolume$2rdacarrier
=500  \\$a"Being the journal of the British Medical Association ..."
=500  \\$aBMJ has four paper editions (which have the same content but different advertising): General Practice edition for General Practitioners, Clinical research for hospital doctors. International edition for overseas subscribers, Compact for retired members of the BMA.
=580  \\$aFrom 1891 to 1903, contains supplement "Weekly epitome of current medical literature" ; 1903-39, "Epitome of current medical literature".
=580  \\$aOnline version until Mar. 2000 entitled: eBMJ, online version continued as: bmj.com until 2007, then continued as: BMJ (Online).
=525  \\$aSupplements as separate publications ceased in 1953.
=515  \\$aIssued in 2 or 4 v. per year with v. numbering beginning again with 1 each year, 1875-1979, but called v. 280-281 in 1980.
=595  \\$aFORMERLY 1746.704 CHANGE BETWEEN 1853 AND VOL. 1, 1863 SEE ALSO RMS SEE ALSO 2116.17695 2116.1772 AND 2330.001 FOR OTHER EXTERNAL LIBRARY HOLDINGS.
=540  \\$aCurrent copyright fee: GBP46.00$c118\0$5Uk
=710  2\$aBritish Medical Association.
=780  00$tAssociation medical journal
=856  \\$31850-9999$uhttp://www.bmj.com/archive$xBLDSS
=852  71$aBritish Library$bSTI$k(TP)$hGP 00$m-E(12)$2blsrissc$3Accompanying CD-ROM
=852  49$aBritish Library$bDSC$j2330.000000$3Vol. 5, no. 1 (1857)-v. 1 (1863) ; Vol. 1 (1868)-no. 7684 (2008)***Stock incomplete. Deficient: Vol. 1 (1938)***UKRR Retained Title
=852  71$aBritish Library$bSTI$k(P)$hGP 00$m-E(12)$2blsrissc$31875-2008
=852  41$aBritish Library$bHMNTS$jP.P.2708.d.
=945  \\$aBRITISH MEDICAL JOURNAL.
=959  \\$fCurrently received
=963  \\$a1857 *A=1; 1861- 1996 *A=1$bY$cP300.B.111
=964  \\$a1880- 1890 *A=1; 1934- *A=1$c61$dQ$eTL2014
=985  \\$aDQ DO NOT MERGE - LARGE SERIAL RECORD
=CAT  \\$a8874$b40$c20061205$lBLL01$h1440
=CAT  \\$aIPL-CLA$c20120629$lBLL01$h1036
=CAT  \\$aBATCH-CLA$b00$c20120831$lBLL01$h1555
=CAT  \\$aIPL-CLA$c20120930$lBLL01$h2126
=CAT  \\$aBATCH-UPD$b00$c20121030$lBLL01$h1027
=CAT  \\$aBATCH-CLA$b00$c20121109$lBLL01$h1725
=CAT  \\$aWR12_168$c20121206$lBLL01$h1836
=CAT  \\$aWR13.005$c20130323$lBLL01$h1503
=CAT  \\$aBATCH-CLA$b00$c20140228$lBLL01$h1619
=CAT  \\$aIPL-CLA$c20140331$lBLL01$h1630
=CAT  \\$aBATCH-CLA$b00$c20151127$lBLL01$h1631
=CAT  \\$a5552$b40$c20151203$lBLL01$h0902
=CAT  \\$aIPL-CLA$c20151231$lBLL01$h1925
=CAT  \\$aBLDSS-3PM$b00$c20160108$lBLL01$h1819
=CAT  \\$aBATCH-UPD$b00$c20160707$lBLL01$h1129
=CAT  \\$aBATCH-UPD$b00$c20171121$lBLL01$h1629
=CAT  \\$aIPL-CLA$c20171231$lBLL01$h1700
=CAT  \\$aBATCH-UPD$b00$c20190708$lBLL01$h1413
=CAT  \\$aIPL-CLA$c20190708$lBLL01$h1438
=CAT  \\$aBATCH-UPD$b00$c20191122$lBLL01$h1850
=CAT  \\$aR1912-1484$c20191223$lBLL01$h0827
=CAT  \\$aIPL-CLA$c20191231$lBLL01$h1943
=CAT  \\$aBATCH-UPD$b00$c20211119$lBLL01$h1515
=CAT  \\$aIPL-CLA$c20211231$lBLL01$h1721
=CAT  \\$aBATCH-UPD$b00$c20221121$lBLL01$h1324
=CAT  \\$aIPL-CLA$c20221231$lBLL01$h2130
=CFI  0\$aCurrent copyright fee: GBP46.00$c118\0$e01-jan-2023$fGBP46.00$g0$hP$5Uk
=CFI  2\$aPrevious copyright fee: GBP41.00$c118\0$e01-jan-2022$fGBP41.00$g0$hP$5Uk
=EXP  \\$aX
=FFP  \\$aY$bBLDSS-3PM
=STA  \\$aSUPPRESSED$bLarge Serial Record
=TCO  \\$aCLA$bCLA$c008
=TOC  \\$aETOC
=UNO  \\$aY
=ACF  \\$aPrevious Copyright Fee: GBP19.00$c0$e01-apr-2012$fGBP19.00$g0$hC$5Uk
=ACF  \\$aPrevious Copyright Fee: GBP19.00$c0$e01-jan-2012$fGBP19.00$g0$hC$5Uk
=ACF  \\$aPrevious Copyright Fee: GBP19.00$c0$e01-oct-2011$fGBP19.00$g0$hC$5Uk
=ACF  \\$aPrevious Copyright Fee: GBP19.00$c0$e01-jul-2011$fGBP19.00$g0$hC$5Uk
=ACF  \\$aPrevious Copyright Fee: GBP19.00$c0$e01-apr-2011$fGBP19.00$g0$hC$5Uk
=ACF  \\$aPrevious Copyright Fee: GBP19.00$c0$e01-jan-2011$fGBP19.00$g0$hC$5Uk
=ACF  \\$aPrevious Copyright Fee: GBP19.00$c0$e01-oct-2010$fGBP19.00$g0$hC$5Uk
=ACF  \\$aPrevious Copyright Fee: GBP19.00$c0$e01-jul-2010$fGBP19.00$g0$hC$5Uk
=ACF  \\$aPrevious Copyright Fee: GBP19.00$c0$e01-apr-2010$fGBP19.00$g0$hC$5Uk
=ACF  \\$aPrevious Copyright Fee: GBP16.00$c0$e01-Jan-2010$fGBP16.00$g0$hC$5Uk
=ACF  \\$aPrevious Copyright Fee: GBP16.00$c0$e01-oct-2009$fGBP16.00$g0$hC$5Uk
=ACF  \\$aPrevious Copyright Fee: GBP16.00$c0$e01-jul-2009$fGBP16.00$g0$hC$5Uk
=ACF  \\$aPrevious Copyright Fee: GBP16.00$c0$e01-apr-2009$fGBP16.00$g0$hC$5Uk
=ACF  \\$aPrevious Copyright Fee: GBP16.00$c0$e01-jan-2009$fGBP16.00$g0$hC$5Uk
=ACF  \\$aPrevious copyright fee: GBP16.00$c0$e11-nov-2008$fGBP16.00$g0$hC$5Uk
=ACF  \\$aBritish Library not licensed to copy$c0$e01-oct-2008$hC$iCLA Excluded$5Uk
=ACF  \\$aPrevious Copyright Fee: GBP16.00$c0$e01-jul-2008$fGBP16.00$g0$hC$5Uk
=ACF  \\$aPrevious Copyright Fee: GBP16.00$c0$e01-apr-2008$fGBP16.00$g0$hC$5Uk
=ACF  \\$aPrevious Copyright Fee: GBP16.00$c0$e01-jan-2008$fGBP16.00$g0$hC$5Uk
=ACF  \\$aPrevious Copyright Fee: GBP10.00$c0$e01-oct-2007$fGBP10.00$g0$hC$5Uk
=ACF  \\$aPrevious Copyright Fee: GBP10.00$c0$e01-jul-2007$fGBP10.00$g0$hC$5Uk
=ACF  \\$aPrevious Copyright Fee: GBP10.00$c0$e01-apr-2007$fGBP10.00$g0$hC$5Uk
=ACF  \\$aPrevious Copyright Fee: GBP10.00$c0$e01-jan-2007$fGBP10.00$g0$hC$5Uk
=ACF  \\$aPrevious Copyright Fee: GBP10.00$c0$e01-oct-2006$fGBP10.00$g0$hC$5Uk
=ACF  \\$aPrevious Copyright Fee: GBP10.00$c0$e01-jul-2006$fGBP10.00$g0$hC$5Uk
=ACF  \\$aPrevious Copyright Fee: GBP10.00$c0$e01-apr-2006$fGBP10.00$g0$hC$5Uk
=ACF  \\$aPrevious Copyright Fee: GBP10.00$c0$e01-jan-2006$fGBP10.00$g0$hC$5Uk
=ACF  \\$aPrevious Copyright Fee: GBP10.00$c0$e01-oct-2005$fGBP10.00$g0$hC$5Uk
=ACF  \\$aPrevious Copyright Fee: GBP10.00$c0$e01-jul-2005$fGBP10.00$g0$hC$5Uk
=ACF  \\$aPrevious Copyright Fee: GBP10.00$c0$e01-apr-2005$fGBP10.00$g0$hC$5Uk
=ACF  \\$aPrevious Copyright Fee: GBP10.00$c0$e01-jan-2005$fGBP10.00$g0$hC$5Uk
=ACF  \\$aPrevious Copyright Fee: GBP10.00$c0$e01-oct-2004$fGBP10.00$g0$hC$5Uk
=ACF  \\$aPrevious copyright fee: GBP10.00$c0$e01-jul-2002$fGBP10.00$g0$hC$5Uk
=ACF  \\$aCurrent copyright fee: GBP3.37$c0$e01-jul-2001$fGBP3.37$g0$hC$5Uk
=ACF  \\$aCurrent copyright fee: GBP3.21$c0$e01-jul-2000$fGBP3.21$g0$hC$5Uk
=ACF  \\$aPrevious Copyright Fee: GBP19.00$c0$e01-jul-2012$fGBP19.00$g0$hC$5Uk
=ACF  \\$aPrevious Copyright Fee: GBP19.00$c0$e01-oct-2012$fGBP19.00$g0$hC$5Uk
=ACF  \\$aPrevious Copyright Fee: GBP25.00$c0$e01-apr-2014$fGBP25.00$g0$hC$5Uk
=ACF  \\$aPrevious Copyright Fee: GBP28.00$c118\0$e01-jan-2016$fGBP28.00$g0$hP$5Uk
=ACF  \\$aPrevious copyright fee: GBP38.50$c118\0$e01-jan-2020$fGBP38.50$g0$hP$5Uk
=LAS  \\$aIPL-CLA$b00$c20221231$lBLL01$h2130

