=LDR  05558 as a22011537  4500
=001  013708600
=003  Uk
=005  20201124190025.0
=008  040409d20072010gw\wx\m\\\\\\\0\\\a0mul\\
=022  0\$a0302-9743
=040  \\$aUk$cUk$dUk
=041  0\$aeng$ager$afre
=082  04$a004$221
=245  00$aLecture notes in computer science. No. 4430 (2007)-(2010) [LSR].
=246  3\$aLecture notes in artificial intelligence
=246  2\$aLNCS LNAI
=246  2\$aLecture notes in bioinformatics
=260  \\$aBerlin, :$bSpringer.
=300  \\$av. ;$c24 cm.
=310  \\$aIrregular
=336  \\$atext$2rdacontent
=337  \\$aunmediated$2rdamedia
=338  \\$avolume$2rdacarrier
=500  \\$aBeginning with no. 345, issues devoted to artificial intelligence have special cover with title: Lecture notes in artificial intelligence.
=540  \\$aCurrent copyright fee: GBP19.00$c42\0$5Uk
=546  \\$aIn English, German, or French.
=595  \\$aABSORBS 6842.635 6842.53 AND 0772.323 SEE ALSO CONF INDEX.
=650  \0$aComputers$vPeriodicals.
=650  \0$aComputer science$vPeriodicals.
=650  \0$aArtificial intelligence$vPeriodicals.
=852  71$aBritish Library$bSTI$k(TP)$hPL 50$m-E(30)$2blsrissc$3Accompanying CD-ROM
=852  49$aBritish Library$bDSC$j5180.185000$3No. 4430 (2007)-(2010)
=852  71$aBritish Library$bSTI$k(P)$hPL 50$m-E(30)$2blsrissc$3No. 4430 (2007)-(2010)
=856  \\$31850-9999$uhttp://www.springer.com/gb/$xBLDSS
=945  \\$aLECTURE NOTES IN COMPUTER SCIENCE.
=959  \\$fCurrently received
=963  \\$a1, 1973- *A=1$bY$c348:01.C.49
=985  \\$aDQ DO NOT MERGE - LARGE SERIAL RECORD
=985  \\$aUpgraded by BSS-generated file for WR2011-1473
=ACF  \\$aPrevious copyright fee: GBP16.75$c42\0$e12-sep-2008$fGBP16.75$g0$hP$5Uk
=ACF  \\$aCurrent copyright fee: GBP16.75$c23\6$e01-jan-2007$fGBP16.75$g0$hP$5Uk
=ACF  \\$aCurrent copyright fee: GBP17.14$c22\3$e01-apr-2006$fGBP17.14$g0$hP$5Uk
=ACF  \\$aPrevious copyright fee: GBP16.67$c22\3$e01-jan-2006$fGBP16.67$g0$hP$5Uk
=ACF  \\$aPrevious copyright fee: GBP16.22$c22\3$e01-apr-2005$fGBP16.22$g0$hP$5Uk
=ACF  \\$aPrevious copyright fee: GBP16.67$c22\3$e01-jan-2005$fGBP16.67$g0$hP$5Uk
=ACF  \\$aPrevious copyright fee: GBP18.92$c22\3$e01-apr-2004$fGBP18.92$g0$hP$5Uk
=ACF  \\$aCurrent copyright fee: GBP20.58$c22\3$e01-jan-2004$fGBP20.58$g0$hP$5Uk
=ACF  \\$aCurrent copyright fee: GBP20.00$c22\3$e18-feb-2003$fGBP20.00$g0$hP$5Uk
=ACF  \\$aPrevious copyright fee: GBP16.00$c42\0$e01-jan-2009$fGBP16.00$g0$hP$5Uk
=ACF  \\$aPrevious copyright fee: GBP22.00$c42\0$e12-aug-2012$fGBP22.00$g0$hP$5Uk
=ACF  \\$aPrevious copyright fee: GBP18.72$c42\0$e01-jan-2013$fGBP18.72$g0$hP$5Uk
=ACF  \\$aPrevious copyright fee: GBP19.32$c42\0$e01-jul-2013$fGBP19.32$g0$hP$5Uk
=ACF  \\$aPrevious copyright fee: GBP18.72$c42\0$e01-jan-2014$fGBP18.72$g0$hP$5Uk
=ACF  \\$aPrevious copyright fee: GBP18.15$c42\0$e01-jul-2014$fGBP18.15$g0$hP$5Uk
=ACF  \\$aPrevious copyright fee: GBP19.32$c42\0$e01-apr-2015$fGBP19.32$g0$hP$5Uk
=ACF  \\$aPrevious copyright fee: GBP19.97$c42\0$e01-jul-2015$fGBP19.97$g0$hP$5Uk
=ACF  \\$aPrevious copyright fee: GBP19.32$c42\0$e01-oct-2015$fGBP19.32$g0$hP$5Uk
=ACF  \\$aPrevious copyright fee: GBP20.66$c42\0$e01-apr-2016$fGBP20.66$g0$hP$5Uk
=ACF  \\$aPrevious copyright fee: GBP22.19$c42\0$e01-oct-2016$fGBP22.19$g0$hP$5Uk
=ACF  \\$aPrevious copyright fee: GBP23.96$c42\0$e01-apr-2017$fGBP23.96$g0$hP$5Uk
=ACF  \\$aPrevious copyright fee: GBP23.04$c42\0$e01-oct-2017$fGBP23.04$g0$hP$5Uk
=CAT  \\$a10932$b40$c20070403$lBLL01$h1500
=CAT  \\$aBATCH-UPD$b00$c20140527$lBLL01$h2228
=CAT  \\$aBATCH-CLA$c20140528$lBLL01$h1747
=CAT  \\$aIPL-CLA$c20140630$lBLL01$h1731
=CAT  \\$aBLDSS-3PM$b00$c20150102$lBLL01$h1731
=CAT  \\$aBATCH-UPD$b00$c20150219$lBLL01$h1913
=CAT  \\$aIPL-CLA$c20150331$lBLL01$h1648
=CAT  \\$aBATCH-UPD$b00$c20150520$lBLL01$h1910
=CAT  \\$aIPL-CLA$c20150630$lBLL01$h1654
=CAT  \\$aBATCH-UPD$b00$c20150820$lBLL01$h1942
=CAT  \\$aIPL-CLA$c20150930$lBLL01$h1816
=CAT  \\$aBATCH-UPD$b00$c20160217$lBLL01$h1840
=CAT  \\$aIPL-CLA$c20160331$lBLL01$h1739
=CAT  \\$aBATCH-UPD$b00$c20160524$lBLL01$h2242
=CAT  \\$aBATCH-UPD$b00$c20160525$lBLL01$h0456
=CAT  \\$aBATCH-UPD$b00$c20160824$lBLL01$h1859
=CAT  \\$aIPL-CLA$c20160930$lBLL01$h1612
=CAT  \\$aBATCH-UPD$b00$c20170216$lBLL01$h1944
=CAT  \\$aIPL-CLA$c20170331$lBLL01$h1851
=CAT  \\$aBATCH-UPD$b00$c20170904$lBLL01$h2008
=CAT  \\$aIPL-CLA$c20170929$lBLL01$h1737
=CAT  \\$aBATCH-UPD$b00$c20180223$lBLL01$h1905
=CAT  \\$aIPL-CLA$c20180331$lBLL01$h1628
=CAT  \\$aBATCH-UPD$b00$c20180524$lBLL01$h1757
=CAT  \\$aIPL-CLA$c20180630$lBLL01$h1921
=CAT  \\$aW2011-1473$b00$c20201124$lBLL01$h1900
=CFI  0\$aCurrent copyright fee: GBP19.00$c42\0$e01-jul-2018$fGBP19.00$g0$hP$5Uk
=CFI  2\$aPrevious copyright fee: GBP21.39$c42\0$e01-apr-2018$fGBP21.39$g0$hP$5Uk
=EXP  \\$aX
=FFP  \\$aY$bBLDSS-3PM
=FMT  \\$a  SE
=LAS  \\$aW2011-1473$b00$c20201124$lBLL01$h1900
=LKR  \\$aPAR$b011121369$lBLL01$r78000$mLecture notes in computer science. No. 4430 (2007)-(2010) [LSR].$nLecture notes in computer science. 1973-no. 4429 (2007). [LSR].
=MIS  \\$aSO
=STA  \\$aSUPPRESSED$bLarge Serial Record
=TCO  \\$aDEU$bVG WORT$c008
=TOC  \\$aETOC
=UNO  \\$aY

