=LDR  05048cas a2201081 a 4500
=001  014374511
=003  Uk
=005  20221231220617.0
=007  ta
=008  771001c20089999enkwr\p\\\\\\\0\\\a0eng\\
=FMT  \\$a  SE
=022  0\$a0028-0836$z0302-2889
=040  \\$aUk$cUk$dUk
=042  \\$aukblsr
=082  04$a505$221
=130  0\$aNature (London, England)
=222  \0$aNature (London)
=245  10$aNature. 2008-. [LSR].
=260  \\$aLondon :$bMacmillan
=264  21$aLondon :$bNature Publishing Group
=264  21$aLondon :$bMacmillan Publishing
=264  31$aLondon :$bSpringer Nature Limited
=300  \\$av. :$bill. (some col.) ;$c28 cm.
=310  \\$aWeekly
=336  \\$atext$2rdacontent
=337  \\$aunmediated$2rdamedia
=338  \\$avolume$2rdacarrier
=500  \\$aIncludes supplement series: Nature milestones.
=595  \\$aAbsorbs 6045.1 6045.2 and 6047.35. See also card index.
=580  \\$aVol. 229-246, Jan. 1971-Dec. 1973, issued in three parts. The two new parts, Nature: new biology, and Nature: physical sciences, continued the volume numbering of Nature in addition to carrying their own issue numbering. With vol. 246, Dec. 1973, Nature: new biology, and Nature: physical sciences, ceased publication and were absorbed by Nature.
=588  \\$aLatest issue consulted: volume 568, issue no. 7750 (4 April 2019).
=540  \\$aCurrent copyright fee: GBP34.95$c16\0$5Uk
=650  \0$aScience$vPeriodicals.
=740  02$aNature milestones
=856  \\$31850-9999$uhttp://www.nature.com/$xBLDSS
=852  71$aBritish Library$bSTI$k(P)$hBX 80$m-E(3)$3No. 7174 (2008)-no. 7890 (2021)
=852  41$aBritish Library$bHMNTS$jP.P.2011.c.$3Vol. 552 (2008)-no. 7684 (14 Dec. 2017)***Title now taken as Electronic copy only
=852  49$aBritish Library$bDSC$j6045.000000$3No. 7174 (2008)-v. 524, no. 7566 (27 Aug. 2015)***UKRR Retained Title
=852  71$aBritish Library$bSTI$k(TP)$hBX 80$m-E(3)$2blsrissc$3Accompanying CD-ROMs
=852  41$aBritish Library$bHMNTS$jCD.2002/382.$3Accompanying software
=945  \\$aNature -London-
=959  \\$fHeld but not currently received
=963  \\$aVol. 1 (1869)-$bY$cP340:1.B.95
=985  \\$aDQ DO NOT MERGE - LARGE SERIAL RECORD
=985  \\$aCONFERENCE ANALYTIC RECORDS EXIST
=CAT  \\$a10932$b40$c20071116$lBLL01$h1114
=CAT  \\$a8180$b40$c20080201$lBLL01$h1338
=CAT  \\$aBATCH-UPD$b40$c20081209$lBLL01$h1454
=CAT  \\$aBATCH-UPD$b40$c20081231$lBLL01$h2326
=CAT  \\$aBATCH-UPD$b40$c20090101$lBLL01$h0056
=CAT  \\$aBATCH$b00$c20090101$lBLL01$h0232
=CAT  \\$aBATCH-UPD$b00$c20100818$lBLL01$h1551
=CAT  \\$aIPL-CLA$c20100930$lBLL01$h1530
=CAT  \\$a6162$b40$c20120906$lBLL01$h1702
=CAT  \\$aBATCH-UPD$b40$c20121030$lBLL01$h1027
=CAT  \\$aBATCH-CLA$b00$c20121109$lBLL01$h1723
=CAT  \\$a8124$b40$c20130814$lBLL01$h1521
=CAT  \\$a10973$b40$c20130918$lBLL01$h1130
=CAT  \\$aBATCH-CLA$b00$c20140125$lBLL01$h1313
=CAT  \\$a10934$b40$c20140319$lBLL01$h1631
=CAT  \\$a8483$b40$c20141003$lBLL01$h1108
=CAT  \\$aBLDSS-3PM$b00$c20150111$lBLL01$h1523
=CAT  \\$a8335$b40$c20150205$lBLL01$h0840
=CAT  \\$aBATCH-UPD$b40$c20160519$lBLL01$h0912
=CAT  \\$a5997$b40$c20170201$lBLL01$h0836
=CAT  \\$aBATCH-UPD$b40$c20171121$lBLL01$h1636
=CAT  \\$aIPL-CLA$c20171231$lBLL01$h1727
=CAT  \\$a11315$b40$c20190410$lBLL01$h1058
=CAT  \\$aBATCH-UPD$b40$c20221121$lBLL01$h1331
=CAT  \\$a10973$b40$c20221124$lBLL01$h1318
=CAT  \\$aIPL-CLA$c20221231$lBLL01$h2206
=CFI  0\$aCurrent copyright fee: GBP34.95$c16\0$e01-jan-2023$fGBP34.95$g0$hP$5Uk
=CFI  2\$aPrevious copyright fee: GBP24.00$c16\0$e01-jan-2018$fGBP24.00$g0$hP$5Uk
=EXP  \\$aX
=FFP  \\$aY$bBLDSS-3PM
=FIN  \\$aY$d20130814
=LKR  \\$aPAR$b012417875$lBLL01$nNature. 1869-2007. [LSR]$mNature. 2008-. [LSR]
=STA  \\$aSUPPRESSED$bLarge Serial Record
=TCO  \\$aCLA$bCLA$c008
=TOC  \\$aETOC
=UNO  \\$aY
=ACF  \\$aPrevious copyright fee: GBP16.60$c16\0$e01-jan-2007$fGBP16.60$g0$hP$5Uk
=ACF  \\$aPrevious copyright fee: GBP16.22$c16\0$e01-oct-2006$fGBP16.22$g0$hP$5Uk
=ACF  \\$aPrevious copyright fee: GBP17.14$c16\0$e01-apr-2006$fGBP17.14$g0$hP$5Uk
=ACF  \\$aPrevious copyright fee: GBP16.67$c16\0$e01-jan-2006$fGBP16.67$g0$hP$5Uk
=ACF  \\$aPrevious copyright fee: GBP16.22$c16\0$e01-apr-2005$fGBP16.22$g0$hP$5Uk
=ACF  \\$aPrevious copyright fee: GBP16.67$c16\0$e01-jan-2005$fGBP16.67$g0$hP$5Uk
=ACF  \\$aPrevious copyright fee: GBP13.51$c16\0$e01-apr-2004$fGBP13.51$g0$hP$5Uk
=ACF  \\$aCurrent copyright fee: GBP14.71$c16\0$e01-jan-2004$fGBP14.71$g0$hP$5Uk
=ACF  \\$aCurrent copyright fee: GBP15.63$c16\0$e01-jan-2003$fGBP15.63$g0$hP$5Uk
=ACF  \\$aPrevious copyright fee: GBP17.50$c16\0$e01-jan-2009$fGBP17.50$g0$hP$5Uk
=ACF  \\$aPrevious copyright fee: GBP22.00$c16\0$e01-oct-2010$fGBP22.00$g0$hP$5Uk
=LAS  \\$aIPL-CLA$b00$c20221231$lBLL01$h2206

