=LDR  05231cas a22011057  4500
=001  014599013
=003  Uk
=005  20211231172600.0
=007  ta
=008  811223c20089999enkwr\p\\\\\\\0\\\a0eng\\
=FMT  \\$a  SE
=022  0\$a0262-4079
=040  \\$aUk$cUk$dUk
=082  04$a500$222
=130  0\$aNew scientist (1971)
=245  10$aNew scientist. No. 2655 (2008)-. [LSR].
=260  \\$aLondon :$bNew Science Publications
=264  31$aLondon :$bReed Business Information Ltd
=300  \\$av. :$bill. ;$c29 cm.
=310  \\$aWeekly
=336  \\$atext$2rdacontent
=337  \\$aunmediated$2rdamedia
=338  \\$avolume$2rdacarrier
=595  \\$aAbsorbs 8147.300000 see also records met and card index.
=540  \\$aCurrent copyright fee: GBP34.30$c5\1$5Uk
=650  \0$aScience$vPeriodicals.
=650  \0$aTechnology$vPeriodicals.
=856  \\$31850-9999$uhttp://www.elsevier.com$xBLDSS
=852  71$aBritish Library$bSTI$k(P)$hBW 50$m-E(69)$2blsrissc$3Number 2655 (2008)-
=852  41$aBritish Library$bDSC$j6087.800000$3No. 2655 (2008)-***UKRR Retained Title
=945  \\$aNew scientist
=959  \\$fCurrently received
=963  \\$aVOL. [1], 1956- *A=1$bY$cL340:1.B.101
=964  \\$aVOL. 1//NO. 1, 1956- *A=1$c5$eJN5336
=985  \\$aCorrected by MS generated file for WR# 12.018
=985  \\$aDQ DO NOT MERGE - LARGE SERIAL RECORD
=CAT  \\$a10932$b40$c20080426$lBLL01$h1135
=CAT  \\$aIPL-CLA$c20120330$lBLL01$h1440
=CAT  \\$aBATCH-CLA$b00$c20120531$lBLL01$h1722
=CAT  \\$aBATCH-UPD$b00$c20120614$lBLL01$h2133
=CAT  \\$aIPL-CLA$c20120629$lBLL01$h1039
=CAT  \\$aWR12_095$c20120629$lBLL01$h1842
=CAT  \\$aBLSS-CORR$b00$c20120724$lBLL01$h1800
=CAT  \\$aBATCH-CLA$b00$c20120831$lBLL01$h1552
=CAT  \\$aIPL-CLA$c20120930$lBLL01$h2130
=CAT  \\$aBATCH-UPD$b00$c20121030$lBLL01$h1027
=CAT  \\$aBATCH-CLA$b00$c20121109$lBLL01$h1723
=CAT  \\$aWR13.005$c20130323$lBLL01$h1338
=CAT  \\$aBATCH-CLA$b00$c20131129$lBLL01$h1659
=CAT  \\$aIPL-CLA$c20140101$lBLL01$h0054
=CAT  \\$a8323$b40$c20140310$lBLL01$h1128
=CAT  \\$a8323$b40$c20140310$lBLL01$h1130
=CAT  \\$a8323$b40$c20140310$lBLL01$h1136
=CAT  \\$a5552$b40$c20150505$lBLL01$h1156
=CAT  \\$aBLDSS-3PM$b00$c20150522$lBLL01$h1543
=CAT  \\$aBATCH-UPD$b00$c20160518$lBLL01$h0919
=CAT  \\$aBATCH-UPD$b00$c20171121$lBLL01$h1750
=CAT  \\$aIPL-CLA$c20171231$lBLL01$h1733
=CAT  \\$aBATCH-UPD$b00$c20190521$lBLL01$h1441
=CAT  \\$aIPL-CLA$c20190630$lBLL01$h1540
=CAT  \\$aBATCH-UPD$b00$c20211119$lBLL01$h1558
=CAT  \\$aIPL-CLA$c20211231$lBLL01$h1726
=CFI  0\$aCurrent copyright fee: GBP34.30$c5\1$e01-jan-2022$fGBP34.30$g0$hP$5Uk
=CFI  2\$aPrevious copyright fee: GBP32.84$c5\1$e01-jul-2019$fGBP32.84$g0$hP$5Uk
=EXP  \\$aX
=FFP  \\$aY$bBLDSS-3PM
=LKR  \\$aPAR$b010183782$lBLL01$mNew scientist. Number 2655(2008)-. [LSR].$nNew scientist. (1971)-number 2654(2008). [LSR].
=STA  \\$aSUPPRESSED$bLarge Serial Record
=TCO  \\$aCLA$bCLA$c008
=TOC  \\$aETOC
=ACF  \\$aPrevious Copyright Fee: GBP12.00$c0$e01-apr-2012$fGBP12.00$g0$hC$5Uk
=ACF  \\$aPrevious Copyright Fee: GBP12.00$c0$e01-jan-2012$fGBP12.00$g0$hC$5Uk
=ACF  \\$aPrevious Copyright Fee: GBP10.50$c0$e01-oct-2011$fGBP10.50$g0$hC$5Uk
=ACF  \\$aPrevious Copyright Fee: GBP10.50$c0$e01-jul-2011$fGBP10.50$g0$hC$5Uk
=ACF  \\$aPrevious Copyright Fee: GBP10.50$c0$e01-apr-2011$fGBP10.50$g0$hC$5Uk
=ACF  \\$aPrevious Copyright Fee: GBP10.50$c0$e01-jan-2011$fGBP10.50$g0$hC$5Uk
=ACF  \\$aPrevious Copyright Fee: GBP9.00$c0$e01-oct-2010$fGBP9.00$g0$hC$5Uk
=ACF  \\$aPrevious Copyright Fee: GBP9.00$c0$e01-jul-2010$fGBP9.00$g0$hC$5Uk
=ACF  \\$aPrevious Copyright Fee: GBP9.00$c0$e01-apr-2010$fGBP9.00$g0$hC$5Uk
=ACF  \\$aPrevious Copyright Fee: GBP9.00$c0$e01-Jan-2010$fGBP9.00$g0$hC$5Uk
=ACF  \\$aPrevious Copyright Fee: GBP6.00$c0$e01-oct-2009$fGBP6.00$g0$hC$5Uk
=ACF  \\$aPrevious Copyright Fee: GBP6.00$c0$e01-jul-2009$fGBP6.00$g0$hC$5Uk
=ACF  \\$aPrevious Copyright Fee: GBP6.00$c0$e01-apr-2009$fGBP6.00$g0$hC$5Uk
=ACF  \\$aPrevious Copyright Fee: GBP6.00$c0$e01-jan-2009$fGBP6.00$g0$hC$5Uk
=ACF  \\$aPrevious Copyright Fee: GBP6.00$c0$e01-oct-2008$fGBP6.00$g0$hC$5Uk
=ACF  \\$aPrevious Copyright Fee: GBP6.00$c0$e01-jan-2008$fGBP6.00$g0$hC$5Uk
=ACF  \\$aPrevious copyright fee: GBP5.00$c0$e25-apr-2002$fGBP5.00$g0$hC$5Uk
=ACF  \\$aCurrent copyright fee: GBP5.00 British Library not licensed to FAX$c0$e11-nov-1998$fGBP5.00$g0$hC$iFAX is CLA-excluded$5Uk
=ACF  \\$aCurrent copyright fee: GBP5.00$c0$e03-sep-1998$fGBP5.00$g0$hC$5Uk
=ACF  \\$aPrevious Copyright Fee: GBP12.00$c0$e01-jul-2012$fGBP12.00$g0$hC$5Uk
=ACF  \\$aPrevious Copyright Fee: GBP12.30$c0$e01-jan-2014$fGBP12.30$g0$hC$5Uk
=ACF  \\$aPrevious Copyright Fee: GBP12.00$c0$e01-oct-2012$fGBP12.00$g0$hC$5Uk
=ACF  \\$aPrevious Copyright Fee: GBP22.50$c5\1$e05-may-2015$fGBP22.50$g0$hP$5Uk
=ACF  \\$aPrevious copyright fee: GBP23.40$c5\1$e01-jan-2018$fGBP23.40$g0$hP$5Uk
=LAS  \\$aIPL-CLA$b00$c20211231$lBLL01$h1726

