=LDR  07726cas a2201417   4500
=001  014819761
=003  Uk
=005  20221231222403.0
=007  ta
=008  900424c20099999enkwr\p\\\\\\\0\\\a0eng\\
=FMT  \\$a  SE
=022  0\$a0959-8138$y0959-8154$y0959-8146$y0959-535X$y1759-2151$y0267-0623
=040  \\$aUk$beng$cUk$dUk
=082  04$a610$221
=084  \\$aGP 00$2blsrissc
=245  00$aBritish medical journal. 2009- [LSR].
=246  1\$iMinor title change:$aBMJ :$bBritish medical journal
=260  \\$aLondon :$bBritish Medical Association
=264  31$aLondon :$bBMJ Publishing Group Ltd
=300  \\$av. ;$c30-31 cm.
=310  \\$aWeekly
=336  \\$atext$2rdacontent
=337  \\$aunmediated$2rdamedia
=338  \\$avolume$2rdacarrier
=500  \\$a"Being the journal of the British Medical Association ..."
=500  \\$aBMJ has four paper editions (which have the same content but different advertising): General Practice edition for General Practitioners, Clinical research for hospital doctors. International edition for overseas subscribers, Compact for retired members of the BMA.
=580  \\$aFrom 1891 to 1903, contains supplement "Weekly epitome of current medical literature" ; 1903-39, "Epitome of current medical literature".
=580  \\$aOnline version until Mar. 2000 entitled: eBMJ, online version continued as: bmj.com until 2007, then continued as: BMJ (Online).
=525  \\$aSupplements as separate publications ceased in 1953.
=515  \\$aIssued in 2 or 4 v. per year with v. numbering beginning again with 1 each year, 1875-1979, but called v. 280-281 in 1980.
=595  \\$aFORMERLY 1746.704 CHANGE BETWEEN 1853 AND VOL. 1, 1863 SEE ALSO RMS SEE ALSO 2116.17695 2116.1772 AND 2330.001 FOR OTHER EXTERNAL LIBRARY HOLDINGS.
=540  \\$aCurrent copyright fee: GBP46.00$c118\0$5Uk
=710  2\$aBritish Medical Association.
=730  0\$aBMJ (Clinical research edition)$x0959-8138.$5Uk
=770  0\$tDoctor (London, England : 2018)$x2631-6412
=780  00$tAssociation medical journal
=856  \\$31850-9999$uhttp://www.bmj.com/archive$xBLDSS
=852  41$aBritish Library$bHMNTS$jP.P.2708.d.
=852  71$aBritish Library$bSTI$k(P)$hGP 00$m-E(12)$2blsrissc$32009-no. 8326 (2022)***UKRR Retained Title
=852  49$aBritish Library$bDSC$j2330.000000$32009-***UKRR Retained Title
=852  71$aBritish Library$bSTI$k(TP)$hGP 00$m-E(12)$2blsrissc$3(2009)-***Accompanying CD-ROM
=945  \\$aBRITISH MEDICAL JOURNAL
=959  \\$fCurrently received
=985  \\$aDQ DO NOT MERGE - LARGE SERIAL RECORD
=985  \\$aCONFERENCE ANALYTIC RECORDS EXIST
=CAT  \\$a10932$b40$c20081117$lBLL01$h1210
=CAT  \\$aIPL-CLA$c20140331$lBLL01$h1635
=CAT  \\$a8323$b40$c20140901$lBLL01$h0903
=CAT  \\$a10806$b40$c20150723$lBLL01$h1128
=CAT  \\$a5508$b40$c20150723$lBLL01$h1139
=CAT  \\$a8874$b40$c20150811$lBLL01$h1020
=CAT  \\$a5410$b40$c20150817$lBLL01$h0940
=CAT  \\$aBATCH-CLA$b00$c20151127$lBLL01$h1630
=CAT  \\$a5552$b40$c20151203$lBLL01$h0901
=CAT  \\$aIPL-CLA$c20151231$lBLL01$h1930
=CAT  \\$aBLDSS-3PM$b00$c20160108$lBLL01$h1820
=CAT  \\$aBATCH-UPD$b00$c20160518$lBLL01$h1159
=CAT  \\$aBATCH-UPD$b00$c20171121$lBLL01$h1629
=CAT  \\$aIPL-CLA$c20171231$lBLL01$h1738
=CAT  \\$a8323$b40$c20181009$lBLL01$h1355
=CAT  \\$a8323$b40$c20181009$lBLL01$h1418
=CAT  \\$a8323$b40$c20181009$lBLL01$h1423
=CAT  \\$aBATCH-UPD$b40$c20190708$lBLL01$h1413
=CAT  \\$aIPL-CLA$c20190708$lBLL01$h1438
=CAT  \\$aBATCH-UPD$b00$c20191122$lBLL01$h1850
=CAT  \\$aR1912-1484$c20191223$lBLL01$h0826
=CAT  \\$aIPL-CLA$c20191231$lBLL01$h2008
=CAT  \\$aBATCH-UPD$b00$c20211119$lBLL01$h1515
=CAT  \\$aIPL-CLA$c20211231$lBLL01$h1727
=CAT  \\$aBATCH-UPD$b00$c20221121$lBLL01$h1324
=CAT  \\$aIPL-CLA$c20221231$lBLL01$h2224
=CFI  0\$aCurrent copyright fee: GBP46.00$c118\0$e01-jan-2023$fGBP46.00$g0$hP$5Uk
=CFI  2\$aPrevious copyright fee: GBP41.00$c118\0$e01-jan-2022$fGBP41.00$g0$hP$5Uk
=EXP  \\$aX
=FFP  \\$aY$bBLDSS-3PM
=MNI  \\$a0959-8138
=STA  \\$aSUPPRESSED$bLarge Serial Record
=TCO  \\$aCLA$bCLA$c008
=TOC  \\$aETOC
=UNO  \\$aY
=ACF  \\$aPrevious Copyright Fee: GBP19.00$c0$e01-apr-2012$fGBP19.00$g0$hC$5Uk
=ACF  \\$aPrevious Copyright Fee: GBP19.00$c0$e01-jan-2012$fGBP19.00$g0$hC$5Uk
=ACF  \\$aPrevious Copyright Fee: GBP19.00$c0$e01-oct-2011$fGBP19.00$g0$hC$5Uk
=ACF  \\$aPrevious Copyright Fee: GBP19.00$c0$e01-jul-2011$fGBP19.00$g0$hC$5Uk
=ACF  \\$aPrevious Copyright Fee: GBP19.00$c0$e01-apr-2011$fGBP19.00$g0$hC$5Uk
=ACF  \\$aPrevious Copyright Fee: GBP19.00$c0$e01-jan-2011$fGBP19.00$g0$hC$5Uk
=ACF  \\$aPrevious Copyright Fee: GBP19.00$c0$e01-oct-2010$fGBP19.00$g0$hC$5Uk
=ACF  \\$aPrevious Copyright Fee: GBP19.00$c0$e01-jul-2010$fGBP19.00$g0$hC$5Uk
=ACF  \\$aPrevious Copyright Fee: GBP19.00$c0$e01-apr-2010$fGBP19.00$g0$hC$5Uk
=ACF  \\$aPrevious Copyright Fee: GBP16.00$c0$e01-Jan-2010$fGBP16.00$g0$hC$5Uk
=ACF  \\$aPrevious Copyright Fee: GBP16.00$c0$e01-oct-2009$fGBP16.00$g0$hC$5Uk
=ACF  \\$aPrevious Copyright Fee: GBP16.00$c0$e01-jul-2009$fGBP16.00$g0$hC$5Uk
=ACF  \\$aPrevious Copyright Fee: GBP16.00$c0$e01-apr-2009$fGBP16.00$g0$hC$5Uk
=ACF  \\$aPrevious Copyright Fee: GBP16.00$c0$e01-jan-2009$fGBP16.00$g0$hC$5Uk
=ACF  \\$aPrevious copyright fee: GBP16.00$c0$e11-nov-2008$fGBP16.00$g0$hC$5Uk
=ACF  \\$aBritish Library not licensed to copy$c0$e01-oct-2008$hC$iCLA Excluded$5Uk
=ACF  \\$aPrevious Copyright Fee: GBP16.00$c0$e01-jul-2008$fGBP16.00$g0$hC$5Uk
=ACF  \\$aPrevious Copyright Fee: GBP16.00$c0$e01-apr-2008$fGBP16.00$g0$hC$5Uk
=ACF  \\$aPrevious Copyright Fee: GBP16.00$c0$e01-jan-2008$fGBP16.00$g0$hC$5Uk
=ACF  \\$aPrevious Copyright Fee: GBP10.00$c0$e01-oct-2007$fGBP10.00$g0$hC$5Uk
=ACF  \\$aPrevious Copyright Fee: GBP10.00$c0$e01-jul-2007$fGBP10.00$g0$hC$5Uk
=ACF  \\$aPrevious Copyright Fee: GBP10.00$c0$e01-apr-2007$fGBP10.00$g0$hC$5Uk
=ACF  \\$aPrevious Copyright Fee: GBP10.00$c0$e01-jan-2007$fGBP10.00$g0$hC$5Uk
=ACF  \\$aPrevious Copyright Fee: GBP10.00$c0$e01-oct-2006$fGBP10.00$g0$hC$5Uk
=ACF  \\$aPrevious Copyright Fee: GBP10.00$c0$e01-jul-2006$fGBP10.00$g0$hC$5Uk
=ACF  \\$aPrevious Copyright Fee: GBP10.00$c0$e01-apr-2006$fGBP10.00$g0$hC$5Uk
=ACF  \\$aPrevious Copyright Fee: GBP10.00$c0$e01-jan-2006$fGBP10.00$g0$hC$5Uk
=ACF  \\$aPrevious Copyright Fee: GBP10.00$c0$e01-oct-2005$fGBP10.00$g0$hC$5Uk
=ACF  \\$aPrevious Copyright Fee: GBP10.00$c0$e01-jul-2005$fGBP10.00$g0$hC$5Uk
=ACF  \\$aPrevious Copyright Fee: GBP10.00$c0$e01-apr-2005$fGBP10.00$g0$hC$5Uk
=ACF  \\$aPrevious Copyright Fee: GBP10.00$c0$e01-jan-2005$fGBP10.00$g0$hC$5Uk
=ACF  \\$aPrevious Copyright Fee: GBP10.00$c0$e01-oct-2004$fGBP10.00$g0$hC$5Uk
=ACF  \\$aPrevious copyright fee: GBP10.00$c0$e01-jul-2002$fGBP10.00$g0$hC$5Uk
=ACF  \\$aCurrent copyright fee: GBP3.37$c0$e01-jul-2001$fGBP3.37$g0$hC$5Uk
=ACF  \\$aCurrent copyright fee: GBP3.21$c0$e01-jul-2000$fGBP3.21$g0$hC$5Uk
=ACF  \\$aPrevious Copyright Fee: GBP19.00$c0$e01-jul-2012$fGBP19.00$g0$hC$5Uk
=ACF  \\$aPrevious Copyright Fee: GBP19.00$c0$e01-oct-2012$fGBP19.00$g0$hC$5Uk
=ACF  \\$aPrevious Copyright Fee: GBP25.00$c0$e01-apr-2014$fGBP25.00$g0$hC$5Uk
=ACF  \\$aPrevious Copyright Fee: GBP28.00$c118\0$e01-jan-2016$fGBP28.00$g0$hP$5Uk
=ACF  \\$aPrevious copyright fee: GBP38.50$c118\0$e01-jan-2020$fGBP38.50$g0$hP$5Uk
=LAS  \\$aIPL-CLA$b00$c20221231$lBLL01$h2224

