=LDR  02735cas a22007098a 4500
=001  012900174
=003  Uk
=005  20220114131533.0
=008  040406d20099999enkqr\p\\\\\\\0\\\a0eng\\
=FMT  \\$a  SE
=022  0\$a1743-8241$202
=040  \\$aUk$beng$cUk
=042  \\$axissnuk
=222  \0$aInternational journal of molecular engineering$b(Print)
=245  00$aInternational journal of molecular engineering.
=260  \\$aOlney :$bInderscience Enterprises.
=263  \\$a200810
=310  \\$aQuarterly
=336  \\$atext$2rdacontent
=337  \\$aunmediated$2rdamedia
=338  \\$avolume$2rdacarrier
=598  \\$aON ORDER 09/11 VOLUME 1 (2009)-
=540  \\$aCurrent copyright fee: GBP28.00$c48\0$5Uk
=776  0\$tInternational journal of molecular engineering$c(Online)$x1743-825X
=856  \\$31850-9999$uhttp://www.inderscience.com/$xBLDSS
=852  41$aBritish Library$bDSC$j4542.365440
=945  \\$aInternational journal of molecular engineering
=959  \\$fHeld but not currently received
=985  \\$aISSN suppressed 04/03/20. Not published.
=985  \\$aPlease do not merge this record
=CAT  \\$a8870$b40$c20040406$lTMP01$h1035
=CAT  \\$a8870$b40$c20040507$lTMP01$h1128
=CAT  \\$aEXLIBRIS$c20040606$lBLL01$h1132
=CAT  \\$a6537$b40$c20060306$lBLL01$h1150
=CAT  \\$a5466$b40$c20090313$lBLL01$h1553
=CAT  \\$a5466$b40$c20090318$lBLL01$h1621
=CAT  \\$aBATCH-UPD$b40$c20100226$lBLL01$h0138
=CAT  \\$aBATCH-UPD$b40$c20100331$lBLL01$h2332
=CAT  \\$aBATCH-UPD$b40$c20100401$lBLL01$h0250
=CAT  \\$aBATCH$b00$c20100401$lBLL01$h0554
=CAT  \\$aBATCH$b00$c20100401$lBLL01$h1627
=CAT  \\$a5552$b40$c20100415$lBLL01$h1212
=CAT  \\$aBATCH-UPD$b40$c20110518$lBLL01$h0953
=CAT  \\$aIPL-CLA$c20110630$lBLL01$h1543
=CAT  \\$aCDS12-UPD$b40$c20111002$lBLL01$h2318
=CAT  \\$aBATCH-CLA$b00$c20121109$lBLL01$h1731
=CAT  \\$aBLDSS-3PM$b00$c20141016$lBLL01$h1329
=CAT  \\$aBATCH-UPD$b00$c20160413$lBLL01$h1818
=CAT  \\$aBATCH-UPD$b00$c20160524$lBLL01$h2237
=CAT  \\$aBATCH-UPD$b00$c20160525$lBLL01$h0432
=CAT  \\$a10806$b40$c20200304$lBLL01$h1415
=CAT  \\$a7764$b40$c20220114$lBLL01$h1315
=CFI  0\$aCurrent copyright fee: GBP28.00$c48\0$e01-jul-2011$fGBP28.00$g0$hP$5Uk
=CFI  2\$aPrevious copyright fee: GBP20.00$c48\0$e15-apr-2010$fGBP20.00$g0$hP$5Uk
=FFP  \\$aY$bBLDSS-3PM
=STA  \\$aSUPPRESSED$bISSN
=TCO  \\$aCLA$bCLA$c008
=TOC  \\$aETOC
=UNO  \\$aY
=ACF  \\$aCurrent copyright fee: GBP9.00$c0$e01-apr-2010$fGBP9.00$g0$hA$5Uk
=ACF  \\$aPrevious copyright fee: GBP6.00$c0$e13-mar-2009$fGBP6.00$g0$hA$5Uk
=LAS  \\$a7764$b40$c20220114$lBLL01$h1315

