=LDR  04064cas a22008893  4500
=001  005408392
=003  Uk
=005  20220930153135.0
=008  040409c\\\\9999xxuuu\m\\\\\\\1\\\a0eng\\
=FMT  \\$a  SE
=019  c\$a2526171
=040  \\$aUk$cUk
=245  00$aAIAA ASME ASCE AHS ASC STRUCTURES STRUCTURAL DYNAMICS AND MATERIALS CONFERENCE AND EXHIBIT.
=264  \1$aReston :$bAIAA
=336  \\$atext$2rdacontent
=337  \\$aunmediated$2rdamedia
=338  \\$avolume$2rdacarrier
=595  \\$aSEE CONF INDEX AND 6369.400000
=540  \\$aCurrent copyright fee: GBP20.83$c3\0$5Uk
=856  \\$31850-9999$uhttps://www.aiaa.org$xBLDSS
=852  41$aBritish Library$bDSC$j0772.429000$354th (2013)
=945  \\$aAIAA ASME ASCE AHS ASC structures structural dynamics and materials conference and exhibit
=959  \\$fHeld but not currently received
=A02  \\$a2526171
=CAT  \\$aCONV$b00$c20040502$lBLL01$h1100
=CAT  \\$aBATCH-UPD$b00$c20160824$lBLL01$h1825
=CAT  \\$aBATCH-UPD$b00$c20160824$lBLL01$h1956
=CAT  \\$aIPL-CLA$c20160930$lBLL01$h1502
=CAT  \\$aBATCH-UPD$b00$c20170216$lBLL01$h1914
=CAT  \\$aIPL-CLA$c20170331$lBLL01$h1750
=CAT  \\$aBATCH-UPD$b00$c20170904$lBLL01$h1927
=CAT  \\$aIPL-CLA$c20170929$lBLL01$h1629
=CAT  \\$aBATCH-UPD$b00$c20180223$lBLL01$h1759
=CAT  \\$aIPL-CLA$c20180331$lBLL01$h1518
=CAT  \\$aBATCH-UPD$b00$c20180823$lBLL01$h1944
=CAT  \\$aIPL-CLA$c20180930$lBLL01$h1430
=CAT  \\$aBATCH-UPD$b00$c20190829$lBLL01$h1542
=CAT  \\$aIPL-CLA$c20190930$lBLL01$h1609
=CAT  \\$aBATCH-UPD$b00$c20200219$lBLL01$h1524
=CAT  \\$aIPL-CLA$c20200331$lBLL01$h1543
=CAT  \\$aBATCH-UPD$b00$c20200522$lBLL01$h1508
=CAT  \\$aIPL-CLA$c20200701$lBLL01$h0022
=CAT  \\$aBATCH-UPD$b00$c20210226$lBLL01$h1050
=CAT  \\$aIPL-CLA$c20210331$lBLL01$h1806
=CAT  \\$aBATCH-UPD$b00$c20210707$lBLL01$h1614
=CAT  \\$aIPL-CLA$c20210707$lBLL01$h1945
=CAT  \\$aBATCH-UPD$b00$c20220520$lBLL01$h1654
=CAT  \\$aIPL-CLA$c20220630$lBLL01$h1642
=CAT  \\$aBATCH-UPD$b00$c20220824$lBLL01$h0918
=CAT  \\$aIPL-CLA$c20220930$lBLL01$h1531
=CFI  0\$aCurrent copyright fee: GBP20.83$c3\0$e01-oct-2022$fGBP20.83$g0$hP$5Uk
=CFI  2\$aPrevious copyright fee: GBP20.00$c3\0$e01-jul-2022$fGBP20.00$g0$hP$5Uk
=FFP  \\$aY$bBLDSS-3PM
=FIN  \\$aY
=LEO  \\$aMP10.0000038909
=SRC  \\$aDSS01$bbibmp10.200404.2.aa
=STA  \\$aSUPPRESSED$bDSC Serial X-REF
=TCO  \\$aZZZ$c008
=TOC  \\$aETOC
=ACF  \\$aPrevious copyright fee: 4.40$c0$e16-apr-1999$fGBP4.40$g0$hA$5Uk
=ACF  \\$aPrevious Copyright Fee: GBP12.30$c0$e01-jan-2014$fGBP12.30$g0$hA$5Uk
=ACF  \\$aPrevious copyright fee: GBP12.00$c0$e08-oct-2013$fGBP12.00$g0$hA$5Uk
=ACF  \\$aPrevious copyright fee: GBP16.13$c3\0$e01-apr-2015$fGBP16.13$g0$hP$5Uk
=ACF  \\$aPrevious copyright fee: GBP16.67$c3\0$e01-jul-2015$fGBP16.67$g0$hP$5Uk
=ACF  \\$aPrevious copyright fee: GBP16.13$c3\0$e01-oct-2015$fGBP16.13$g0$hP$5Uk
=ACF  \\$aPrevious copyright fee: GBP17.24$c3\0$e01-apr-2016$fGBP17.24$g0$hP$5Uk
=ACF  \\$aPrevious copyright fee: GBP18.52$c3\0$e01-oct-2016$fGBP18.52$g0$hP$5Uk
=ACF  \\$aPrevious copyright fee: GBP20.00$c3\0$e01-apr-2017$fGBP20.00$g0$hP$5Uk
=ACF  \\$aPrevious copyright fee: GBP19.23$c3\0$e01-oct-2017$fGBP19.23$g0$hP$5Uk
=ACF  \\$aPrevious copyright fee: GBP17.86$c3\0$e01-apr-2018$fGBP17.86$g0$hP$5Uk
=ACF  \\$aPrevious copyright fee: GBP19.23$c3\0$e01-oct-2018$fGBP19.23$g0$hP$5Uk
=ACF  \\$aPrevious copyright fee: GBP20.00$c3\0$e01-oct-2019$fGBP20.00$g0$hP$5Uk
=ACF  \\$aPrevious copyright fee: GBP19.23$c3\0$e01-apr-2020$fGBP19.23$g0$hP$5Uk
=ACF  \\$aPrevious copyright fee: GBP20.00$c3\0$e01-jul-2020$fGBP20.00$g0$hP$5Uk
=ACF  \\$aPrevious copyright fee: GBP18.52$c3\0$e01-apr-2021$fGBP18.52$g0$hP$5Uk
=ACF  \\$aPrevious copyright fee: GBP17.86$c3\0$e07-jul-2021$fGBP17.86$g0$hP$5Uk
=LAS  \\$aIPL-CLA$b00$c20220930$lBLL01$h1531

