=LDR  04297cas a22009253  4500
=001  005464152
=003  Uk
=005  20230930091628.0
=008  040409u|||||||||||a|\p|||\\\\0\\\|0eng\\
=FMT  \\$a  SE
=019  c\$a2580642
=040  \\$aUk$cUk
=245  00$aHUMAN FACTORS IN TRANSPORTATION.
=336  \\$atext$2rdacontent
=337  \\$aunmediated$2rdamedia
=338  \\$avolume$2rdacarrier
=595  \\$aSEE BOOK CATALOGUE AND CARD INDEX.
=540  \\$aCurrent copyright fee: GBP37.00$c2\0$5Uk
=886  2\$2blmarc$a959
=856  \\$31850-9999$uhttp://www.tandfonline.com/$xBLDSS
=883  0\$aLanguage codes assigned by Bayesian analysis of words present in record$d20210115$qUk$c0.9450
=852  41$aBritish Library$bDSC$j4336.084000
=945  \\$aHUMAN FACTORS IN TRANSPORTATION.
=A02  \\$a2580642
=CAT  \\$aCONV$b00$c20040502$lBLL01$h1101
=CAT  \\$aIPL-CLA$c20131231$lBLL01$h1609
=CAT  \\$aBATCH-UPD$b00$c20141124$lBLL01$h1816
=CAT  \\$aBLDSS-3PM$b00$c20141130$lBLL01$h1242
=CAT  \\$a5552$b40$c20141202$lBLL01$h0854
=CAT  \\$aBATCH-CLA$b00$c20141222$lBLL01$h1643
=CAT  \\$aIPL-CLA$c20141231$lBLL01$h1623
=CAT  \\$aBATCH-UPD$b00$c20151119$lBLL01$h1554
=CAT  \\$aIPL-CLA$c20151231$lBLL01$h1838
=CAT  \\$aBATCH-UPD$b00$c20160413$lBLL01$h1759
=CAT  \\$aBATCH-UPD$b00$c20161122$lBLL01$h1526
=CAT  \\$aBATCH-UPD$b00$c20161122$lBLL01$h1718
=CAT  \\$aIPL-CLA$c20161230$lBLL01$h1514
=CAT  \\$aBATCH-UPD$b00$c20171121$lBLL01$h1708
=CAT  \\$aIPL-CLA$c20171231$lBLL01$h1104
=CAT  \\$aBATCH-UPD$b00$c20181217$lBLL01$h1656
=CAT  \\$aIPL-CLA$c20181231$lBLL01$h1519
=CAT  \\$aBATCH-UPD$b00$c20191122$lBLL01$h1912
=CAT  \\$aIPL-CLA$c20191231$lBLL01$h1525
=CAT  \\$aBATCH-UPD$b00$c20201118$lBLL01$h1347
=CAT  \\$aIPL-CLA$c20201231$lBLL01$h1651
=CAT  \\$aW2102-0046$b00$c20210423$lBLL01$h1759
=CAT  \\$aBATCH-UPD$b00$c20221121$lBLL01$h1416
=CAT  \\$aIPL-CLA$c20221231$lBLL01$h1614
=CAT  \\$aR2308-1440$c20230824$lBLL01$h0922
=CAT  \\$aIPL-CLA$c20230930$lBLL01$h0916
=CFI  0\$aCurrent copyright fee: GBP37.00$c2\0$e01-oct-2023$fGBP37.00$g0$hP$5Uk
=CFI  2\$aPrevious copyright fee: GBP37.00$c30\0$e01-jan-2023$fGBP37.00$g0$hP$5Uk
=FFP  \\$aY$bBLDSS-3PM
=FIN  \\$aY
=LEO  \\$aMP10.0000271787
=SRC  \\$aDSS01$bbibmp10.200404.2.aa
=STA  \\$aSUPPRESSED$bDSC Serial X-REF
=TCO  \\$aZZZ$c008
=TOC  \\$aETOC
=ACF  \\$aPrevious copyright fee: GBP17.00$c30\0$e21-jan-2010$fGBP17.00$g0$hP$5Uk
=ACF  \\$aCurrent copyright fee: GBP12.00$c30\0$e01-jul-2007$fGBP12.00$g0$hP$5Uk
=ACF  \\$aPrevious copyright fee: GBP12.30$c30\0$e01-apr-2007$fGBP12.30$g0$hP$5Uk
=ACF  \\$aPrevious copyright fee: GBP12.97$c30\0$e01-oct-2006$fGBP12.97$g0$hP$5Uk
=ACF  \\$aPrevious copyright fee: GBP13.72$c30\0$e01-apr-2006$fGBP13.72$g0$hP$5Uk
=ACF  \\$aPrevious copyright fee: GBP13.33$c30\0$e01-jan-2006$fGBP13.33$g0$hP$5Uk
=ACF  \\$aPrevious copyright fee: GBP12.98$c30\0$e01-apr-2005$fGBP12.98$g0$hP$5Uk
=ACF  \\$aPrevious copyright fee: GBP13.33$c30\0$e01-jan-2005$fGBP13.33$g0$hP$5Uk
=ACF  \\$aPrevious copyright fee: GBP12.97$c30\0$e01-apr-2004$fGBP12.97$g0$hP$5Uk
=ACF  \\$aCurrent copyright fee: GBP14.11$c30\0$e01-jan-2004$fGBP14.11$g0$hP$5Uk
=ACF  \\$aCurrent copyright fee: GBP7.50$c30\0$e01-jan-2003$fGBP7.50$g0$hP$5Uk
=ACF  \\$aPrevious copyright fee: GBP21.00$c30\0$e01-jan-2011$fGBP21.00$g0$hP$5Uk
=ACF  \\$aPrevious copyright fee: GBP23.00$c30\0$e01-jan-2012$fGBP23.00$g0$hP$5Uk
=ACF  \\$aPrevious copyright fee: GBP25.00$c30\0$e01-jan-2015$fGBP25.00$g0$hP$5Uk
=ACF  \\$aPrevious copyright fee: GBP26.00$c30\0$e01-jan-2016$fGBP26.00$g0$hP$5Uk
=ACF  \\$aPrevious copyright fee: GBP28.00$c30\0$e01-jan-2017$fGBP28.00$g0$hP$5Uk
=ACF  \\$aPrevious copyright fee: GBP30.00$c30\0$e01-jan-2018$fGBP30.00$g0$hP$5Uk
=ACF  \\$aPrevious copyright fee: GBP32.00$c30\0$e01-jan-2019$fGBP32.00$g0$hP$5Uk
=ACF  \\$aPrevious copyright fee: GBP34.00$c30\0$e01-jan-2020$fGBP34.00$g0$hP$5Uk
=ACF  \\$aPrevious copyright fee: GBP35.00$c30\0$e01-jan-2021$fGBP35.00$g0$hP$5Uk
=LAS  \\$aIPL-CLA$b00$c20230930$lBLL01$h0916

