=LDR  04824cas a22009977  4500
=001  017703360
=003  Uk
=005  20220930161338.0
=007  ta
=008  040409d20162018xxudr\p\\\\\\\0\\\a0eng\\
=FMT  \\$a  SE
=022  0\$a0148-7191
=040  \\$aUk$cUk$dUk
=245  00$aSAE technical paper series. 2016-2018 [LSR].
=246  3\$aSociety of Automotive Engineers technical papers series
=246  13$aSAE papers
=260  \\$aWarrendale, Pa. :$bSociety of Automotive Engineers
=300  \\$av. ;$c28 cm.
=310  \\$aIrregular
=336  \\$atext$2rdacontent
=337  \\$aunmediated$2rdamedia
=338  \\$avolume$2rdacarrier
=595  \\$aSee also in 1747.000000, 1833.820000, 4536.520000, 6924.595000, 8062.850000, 8062.920000, 8062.920550V 8062.950000, 8062.927300, 6811.527600 and 8434.500000. For other individual paper numbers see also 6609.400000. See also V Store. See also www.sae.org for location of individual papers.
=540  \\$aCurrent copyright fee: GBP27.50$c109\0$5Uk
=650  \0$aAutomotive engineering$vPeriodicals.
=650  \0$aAutomobiles$xDesign and construction$vPeriodicals.
=650  \0$aMotor vehicles$vPeriodicals.
=710  2\$aSociety of Automotive Engineers.
=856  \\$31850-9999$uhttp://subs.sae.org/$xBLDSS
=852  49$aBritish Library$bDSC$j6392.350000$32016-2018
=945  \\$aPapers- Society of Automotive Engineers New York
=985  \\$aDQ DO NOT MERGE - LARGE SERIAL RECORD
=985  \\$aCONFERENCE ANALYTIC RECORDS EXIST
=CAT  \\$a10932$b40$c20160112$lBLL01$h1448
=CAT  \\$aIPL-CLA$c20171231$lBLL01$h1831
=CAT  \\$aBATCH-UPD$b00$c20180223$lBLL01$h1553
=CAT  \\$aIPL-CLA$c20180331$lBLL01$h1714
=CAT  \\$aBATCH-UPD$b00$c20180823$lBLL01$h1908
=CAT  \\$aIPL-CLA$c20180930$lBLL01$h1518
=CAT  \\$aBATCH-UPD$b00$c20181121$lBLL01$h1611
=CAT  \\$aIPL-CLA$c20181231$lBLL01$h1555
=CAT  \\$a10932$b40$c20190123$lBLL01$h0929
=CAT  \\$a8244$b40$c20190123$lBLL01$h1147
=CAT  \\$aBATCH-UPD$b40$c20190829$lBLL01$h1444
=CAT  \\$aIPL-CLA$c20190930$lBLL01$h1655
=CAT  \\$aBATCH-UPD$b00$c20191122$lBLL01$h1846
=CAT  \\$aIPL-CLA$c20191231$lBLL01$h2042
=CAT  \\$aBATCH-UPD$b00$c20200219$lBLL01$h1432
=CAT  \\$aIPL-CLA$c20200331$lBLL01$h1633
=CAT  \\$aBATCH-UPD$b00$c20200522$lBLL01$h1423
=CAT  \\$aIPL-CLA$c20200701$lBLL01$h0119
=CAT  \\$aBATCH-UPD$b00$c20210226$lBLL01$h1004
=CAT  \\$aIPL-CLA$c20210331$lBLL01$h1904
=CAT  \\$aBATCH-UPD$b00$c20210707$lBLL01$h1528
=CAT  \\$aIPL-CLA$c20210707$lBLL01$h2005
=CAT  \\$aBATCH-UPD$b00$c20220520$lBLL01$h1558
=CAT  \\$aIPL-CLA$c20220630$lBLL01$h1727
=CAT  \\$aBATCH-UPD$b00$c20220824$lBLL01$h0831
=CAT  \\$aIPL-CLA$c20220930$lBLL01$h1613
=CFI  0\$aCurrent copyright fee: GBP27.50$c109\0$e01-oct-2022$fGBP27.50$g0$hP$5Uk
=CFI  2\$aPrevious copyright fee: GBP26.40$c109\0$e01-jul-2022$fGBP26.40$g0$hP$5Uk
=EXP  \\$aX
=FFP  \\$aY$bBLDSS-3PM
=LKR  \\$aPAR$b016313118$lBLL01$mSAE technical paper series. 2016-2018 [LSR]$nSAE technical paper series. Section 01:No. 0001 (2013)-(2015). [LSR]
=MIS  \\$aSO
=STA  \\$aSUPPRESSED$bLarge Serial Record
=TOC  \\$aETOC
=UNO  \\$aY
=ACF  \\$aPrevious copyright fee: GBP16.13$c109\0$e01-oct-2015$fGBP16.13$g0$hP$5Uk
=ACF  \\$aPrevious copyright fee: GBP16.77$c109\0$e01-jan-2016$fGBP16.77$g0$hP$5Uk
=ACF  \\$aPrevious copyright fee: GBP17.93$c109\0$e01-apr-2016$fGBP17.93$g0$hP$5Uk
=ACF  \\$aPrevious copyright fee: GBP19.26$c109\0$e01-oct-2016$fGBP19.26$g0$hP$5Uk
=ACF  \\$aPrevious copyright fee: GBP20.00$c109\0$e01-jan-2017$fGBP20.00$g0$hP$5Uk
=ACF  \\$aPrevious copyright fee: GBP21.60$c109\0$e01-apr-2017$fGBP21.60$g0$hP$5Uk
=ACF  \\$aPrevious copyright fee: GBP20.77$c109\0$e01-oct-2017$fGBP20.77$g0$hP$5Uk
=ACF  \\$aPrevious copyright fee: GBP21.54$c109\0$e01-jan-2018$fGBP21.54$g0$hP$5Uk
=ACF  \\$aPrevious copyright fee: GBP20.00$c109\0$e01-apr-2018$fGBP20.00$g0$hP$5Uk
=ACF  \\$aPrevious copyright fee: GBP21.54$c109\0$e01-oct-2018$fGBP21.54$g0$hP$5Uk
=ACF  \\$aPrevious copyright fee: GBP23.08$c109\0$e01-jan-2019$fGBP23.08$g0$hP$5Uk
=ACF  \\$aPrevious copyright fee: GBP24.00$c109\0$e01-oct-2019$fGBP24.00$g0$hP$5Uk
=ACF  \\$aPrevious copyright fee: GBP26.40$c109\0$e01-jan-2020$fGBP26.40$g0$hP$5Uk
=ACF  \\$aPrevious copyright fee: GBP25.38$c109\0$e01-apr-2020$fGBP25.38$g0$hP$5Uk
=ACF  \\$aPrevious copyright fee: GBP26.40$c109\0$e01-jul-2020$fGBP26.40$g0$hP$5Uk
=ACF  \\$aPrevious copyright fee: GBP24.44$c109\0$e01-apr-2021$fGBP24.44$g0$hP$5Uk
=ACF  \\$aPrevious copyright fee: GBP23.57$c109\0$e07-jul-2021$fGBP23.57$g0$hP$5Uk
=LAS  \\$aIPL-CLA$b00$c20220930$lBLL01$h1613

