=LDR  04359cas a22009017  4500
=001  017007002
=003  Uk
=005  20220930161245.0
=007  ta
=008  040409d20042004xxuar\p\\\\\\\0\\\a0eng\\
=FMT  \\$a  SE
=022  0\$a0065-8707
=040  \\$aUk$cUk$dUk
=245  00$aPapers American Institute of Aeronautics and Astronautics. 2004 [LSR].
=246  3\$aPapers AIAA
=260  \\$aReston :$bAIAA
=300  \\$av. ;$c30 cm.
=336  \\$atext$2rdacontent
=337  \\$aunmediated$2rdamedia
=338  \\$avolume$2rdacarrier
=500  \\$aPapers issued as loose leaflets or in bound conferences.
=595  \\$aSee also under individual conference titles. Formerly 0854.200000 and 4359.540000. Pass all unsatisfied requests to RMS. See also 6369.420000. See also card index.
=540  \\$aCurrent copyright fee: GBP20.83$c3\0$5Uk
=856  \\$31850-9999$uhttp://www.aiaa.org$xBLDSS
=852  49$aBritish Library$bDSC$j6369.400000$32004***Stock held as loose leaflets and bound conferences
=945  \\$aPapers- American Institute of Aeronautics and Astronautics.
=985  \\$aDQ DO NOT MERGE - LARGE SERIAL RECORD
=CAT  \\$a10932$b40$c20150112$lBLL01$h0846
=CAT  \\$aBATCH-UPD$b00$c20160824$lBLL01$h1827
=CAT  \\$aBATCH-UPD$b00$c20160824$lBLL01$h2001
=CAT  \\$aIPL-CLA$c20160930$lBLL01$h1643
=CAT  \\$aBATCH-UPD$b00$c20170216$lBLL01$h1916
=CAT  \\$aIPL-CLA$c20170331$lBLL01$h1922
=CAT  \\$aBATCH-UPD$b00$c20170904$lBLL01$h1929
=CAT  \\$aIPL-CLA$c20170929$lBLL01$h1807
=CAT  \\$aBATCH-UPD$b00$c20180223$lBLL01$h1802
=CAT  \\$aIPL-CLA$c20180331$lBLL01$h1711
=CAT  \\$aBATCH-UPD$b00$c20180823$lBLL01$h1946
=CAT  \\$aIPL-CLA$c20180930$lBLL01$h1517
=CAT  \\$aBATCH-UPD$b00$c20190829$lBLL01$h1544
=CAT  \\$aIPL-CLA$c20190930$lBLL01$h1654
=CAT  \\$aBATCH-UPD$b00$c20200219$lBLL01$h1526
=CAT  \\$aIPL-CLA$c20200331$lBLL01$h1632
=CAT  \\$aBATCH-UPD$b00$c20200522$lBLL01$h1511
=CAT  \\$aIPL-CLA$c20200701$lBLL01$h0117
=CAT  \\$aBATCH-UPD$b00$c20210226$lBLL01$h1052
=CAT  \\$aIPL-CLA$c20210331$lBLL01$h1903
=CAT  \\$aBATCH-UPD$b00$c20210707$lBLL01$h1616
=CAT  \\$aIPL-CLA$c20210707$lBLL01$h2004
=CAT  \\$aBATCH-UPD$b00$c20220520$lBLL01$h1656
=CAT  \\$aIPL-CLA$c20220630$lBLL01$h1726
=CAT  \\$aBATCH-UPD$b00$c20220824$lBLL01$h0920
=CAT  \\$aIPL-CLA$c20220930$lBLL01$h1612
=CFI  0\$aCurrent copyright fee: GBP20.83$c3\0$e01-oct-2022$fGBP20.83$g0$hP$5Uk
=CFI  2\$aPrevious copyright fee: GBP20.00$c3\0$e01-jul-2022$fGBP20.00$g0$hP$5Uk
=EXP  \\$aX
=FFP  \\$aY$bBLDSS-3PM
=LKR  \\$aPAR$b007188719$lBLL01$mPapers - American Institute of Aeronautics and Astronautics. 2004 [LSR]$nPapers - American Institute of Aeronautics and Astronautics. 19uu-2003 [LSR]
=MIS  \\$aSO
=STA  \\$aSUPPRESSED$bLarge Serial Record
=TOC  \\$aETOC
=ACF  \\$aPrevious copyright fee: GBP15.63$c3\0$e01-jan-2014$fGBP15.63$g0$hP$5Uk
=ACF  \\$aPrevious copyright fee: GBP15.15$c3\0$e01-jul-2014$fGBP15.15$g0$hP$5Uk
=ACF  \\$aPrevious copyright fee: GBP16.13$c3\0$e01-apr-2015$fGBP16.13$g0$hP$5Uk
=ACF  \\$aPrevious copyright fee: GBP16.67$c3\0$e01-jul-2015$fGBP16.67$g0$hP$5Uk
=ACF  \\$aPrevious copyright fee: GBP16.13$c3\0$e01-oct-2015$fGBP16.13$g0$hP$5Uk
=ACF  \\$aPrevious copyright fee: GBP17.24$c3\0$e01-apr-2016$fGBP17.24$g0$hP$5Uk
=ACF  \\$aPrevious copyright fee: GBP18.52$c3\0$e01-oct-2016$fGBP18.52$g0$hP$5Uk
=ACF  \\$aPrevious copyright fee: GBP20.00$c3\0$e01-apr-2017$fGBP20.00$g0$hP$5Uk
=ACF  \\$aPrevious copyright fee: GBP19.23$c3\0$e01-oct-2017$fGBP19.23$g0$hP$5Uk
=ACF  \\$aPrevious copyright fee: GBP17.86$c3\0$e01-apr-2018$fGBP17.86$g0$hP$5Uk
=ACF  \\$aPrevious copyright fee: GBP19.23$c3\0$e01-oct-2018$fGBP19.23$g0$hP$5Uk
=ACF  \\$aPrevious copyright fee: GBP20.00$c3\0$e01-oct-2019$fGBP20.00$g0$hP$5Uk
=ACF  \\$aPrevious copyright fee: GBP19.23$c3\0$e01-apr-2020$fGBP19.23$g0$hP$5Uk
=ACF  \\$aPrevious copyright fee: GBP20.00$c3\0$e01-jul-2020$fGBP20.00$g0$hP$5Uk
=ACF  \\$aPrevious copyright fee: GBP18.52$c3\0$e01-apr-2021$fGBP18.52$g0$hP$5Uk
=ACF  \\$aPrevious copyright fee: GBP17.86$c3\0$e07-jul-2021$fGBP17.86$g0$hP$5Uk
=LAS  \\$aIPL-CLA$b00$c20220930$lBLL01$h1612

