=LDR  06032cas a22011417  4500
=001  013745028
=003  Uk
=005  20220930155947.0
=007  ta
=008  040409d20052005xxuar\p\\\\\\\0\\\a0eng\\
=FMT  \\$a  SE
=022  0\$a0065-8707
=040  \\$aUk$cUk$dUk
=245  00$aPapers American Institute of Aeronautics and Astronautics. 2005. [LSR].
=246  3\$aPapers AIAA
=260  \\$aReston :$bAIAA
=300  \\$av. ;$c30 cm.
=336  \\$atext$2rdacontent
=337  \\$aunmediated$2rdamedia
=338  \\$avolume$2rdacarrier
=500  \\$aPapers issued as loose leaflets or in bound conferences.
=595  \\$aSee also under individual conference titles. Formerly 0854.200000 and 4359.540000. Pass all unsatisfied requests to RMS. See also 6369.420000. See also card index.
=540  \\$aCurrent copyright fee: GBP20.83$c3\0$5Uk
=856  \\$31850-9999$uhttp://www.aiaa.org$xBLDSS
=852  49$aBritish Library$bDSC$j6369.400000$32005***Stock held as loose leaflets and bound conferences
=945  \\$aPapers- American Institute of Aeronautics and Astronautics.
=985  \\$aDQ DO NOT MERGE - LARGE SERIAL RECORD
=CAT  \\$a10932$b40$c20070515$lBLL01$h1016
=CAT  \\$aBATCH-UPD$b00$c20160824$lBLL01$h1959
=CAT  \\$aIPL-CLA$c20160930$lBLL01$h1612
=CAT  \\$aBATCH-UPD$b00$c20170216$lBLL01$h1915
=CAT  \\$aIPL-CLA$c20170331$lBLL01$h1852
=CAT  \\$a10932$b40$c20170426$lBLL01$h1107
=CAT  \\$aBATCH-UPD$b40$c20170904$lBLL01$h1929
=CAT  \\$aIPL-CLA$c20170929$lBLL01$h1737
=CAT  \\$aBATCH-UPD$b00$c20180223$lBLL01$h1801
=CAT  \\$aIPL-CLA$c20180331$lBLL01$h1629
=CAT  \\$aBATCH-UPD$b00$c20180823$lBLL01$h1945
=CAT  \\$aIPL-CLA$c20180930$lBLL01$h1505
=CAT  \\$aBATCH-UPD$b00$c20190829$lBLL01$h1544
=CAT  \\$aIPL-CLA$c20190930$lBLL01$h1641
=CAT  \\$aBATCH-UPD$b00$c20200219$lBLL01$h1525
=CAT  \\$aIPL-CLA$c20200331$lBLL01$h1618
=CAT  \\$aBATCH-UPD$b00$c20200522$lBLL01$h1510
=CAT  \\$aIPL-CLA$c20200701$lBLL01$h0100
=CAT  \\$aBATCH-UPD$b00$c20210226$lBLL01$h1052
=CAT  \\$aIPL-CLA$c20210331$lBLL01$h1847
=CAT  \\$aBATCH-UPD$b00$c20210707$lBLL01$h1616
=CAT  \\$aIPL-CLA$c20210707$lBLL01$h1957
=CAT  \\$aBATCH-UPD$b00$c20220520$lBLL01$h1655
=CAT  \\$aIPL-CLA$c20220630$lBLL01$h1712
=CAT  \\$aBATCH-UPD$b00$c20220824$lBLL01$h0920
=CAT  \\$aIPL-CLA$c20220930$lBLL01$h1559
=CFI  0\$aCurrent copyright fee: GBP20.83$c3\0$e01-oct-2022$fGBP20.83$g0$hP$5Uk
=CFI  2\$aPrevious copyright fee: GBP20.00$c3\0$e01-jul-2022$fGBP20.00$g0$hP$5Uk
=EXP  \\$aX
=FFP  \\$aY$bBLDSS-3PM
=LKR  \\$aPAR$b017007002$lBLL01$mPapers - American Institute of Aeronautics and Astronautics. 2005 [LSR]$nPapers - American Institute of Aeronautics and Astronautics. 2004 [LSR]
=MIS  \\$aSO
=STA  \\$aSUPPRESSED$bLarge Serial Record
=TCO  \\$aTRS$bCCC$c008
=TOC  \\$aETOC
=ACF  \\$aPrevious copyright fee: GBP15.63$c3\0$e01-jul-2011$fGBP15.63$g0$hP$5Uk
=ACF  \\$aPrevious copyright fee: GBP16.13$c3\0$e01-jul-2010$fGBP16.13$g0$hP$5Uk
=ACF  \\$aPrevious copyright fee: GBP15.15$c3\0$e01-oct-2009$fGBP15.15$g0$hP$5Uk
=ACF  \\$aPrevious copyright fee: GBP17.86$c3\0$e01-apr-2009$fGBP17.86$g0$hP$5Uk
=ACF  \\$aPrevious copyright fee: GBP15.63$c3\0$e01-jan-2009$fGBP15.63$g0$hP$5Uk
=ACF  \\$aPrevious copyright fee: GBP12.50$c3\0$e01-jul-2007$fGBP12.50$g0$hP$5Uk
=ACF  \\$aPrevious Copyright Fee: GBP12.82$c3\0$e01-apr-2007$fGBP12.82$g0$hP$5Uk
=ACF  \\$aPrevious copyright fee: GBP13.52$c3\0$e01-oct-2006$fGBP13.52$g0$hP$5Uk
=ACF  \\$aPrevious copyright fee: GBP14.29$c3\0$e01-apr-2006$fGBP14.29$g0$hP$5Uk
=ACF  \\$aPrevious copyright fee: GBP13.89$c3\0$e01-jan-2006$fGBP13.89$g0$hP$5Uk
=ACF  \\$aPrevious copyright fee: GBP13.51$c3\0$e01-apr-2005$fGBP13.51$g0$hP$5Uk
=ACF  \\$aPrevious copyright fee: GBP13.89$c3\0$e01-jan-2005$fGBP13.89$g0$hP$5Uk
=ACF  \\$aPrevious copyright fee: GBP13.51$c3\0$e01-apr-2004$fGBP13.51$g0$hP$5Uk
=ACF  \\$aCurrent copyright fee: GBP14.71$c3\0$e01-jan-2004$fGBP14.71$g0$hP$5Uk
=ACF  \\$aCurrent copyright fee: GBP15.63$c3\0$e21-jan-2003$fGBP15.63$g0$hP$5Uk
=ACF  \\$aPrevious copyright fee: GBP16.13$c3\0$e01-jan-2012$fGBP16.13$g0$hP$5Uk
=ACF  \\$aPrevious copyright fee: GBP15.15$c3\0$e01-jul-2012$fGBP15.15$g0$hP$5Uk
=ACF  \\$aPrevious copyright fee: GBP15.63$c3\0$e01-jan-2013$fGBP15.63$g0$hP$5Uk
=ACF  \\$aPrevious copyright fee: GBP16.13$c3\0$e01-jul-2013$fGBP16.13$g0$hP$5Uk
=ACF  \\$aPrevious copyright fee: GBP15.63$c3\0$e01-jan-2014$fGBP15.63$g0$hP$5Uk
=ACF  \\$aPrevious copyright fee: GBP15.15$c3\0$e01-jul-2014$fGBP15.15$g0$hP$5Uk
=ACF  \\$aPrevious copyright fee: GBP16.13$c3\0$e01-apr-2015$fGBP16.13$g0$hP$5Uk
=ACF  \\$aPrevious copyright fee: GBP16.67$c3\0$e01-jul-2015$fGBP16.67$g0$hP$5Uk
=ACF  \\$aPrevious copyright fee: GBP16.13$c3\0$e01-oct-2015$fGBP16.13$g0$hP$5Uk
=ACF  \\$aPrevious copyright fee: GBP17.24$c3\0$e01-apr-2016$fGBP17.24$g0$hP$5Uk
=ACF  \\$aPrevious copyright fee: GBP18.52$c3\0$e01-oct-2016$fGBP18.52$g0$hP$5Uk
=ACF  \\$aPrevious copyright fee: GBP20.00$c3\0$e01-apr-2017$fGBP20.00$g0$hP$5Uk
=ACF  \\$aPrevious copyright fee: GBP19.23$c3\0$e01-oct-2017$fGBP19.23$g0$hP$5Uk
=ACF  \\$aPrevious copyright fee: GBP17.86$c3\0$e01-apr-2018$fGBP17.86$g0$hP$5Uk
=ACF  \\$aPrevious copyright fee: GBP19.23$c3\0$e01-oct-2018$fGBP19.23$g0$hP$5Uk
=ACF  \\$aPrevious copyright fee: GBP20.00$c3\0$e01-oct-2019$fGBP20.00$g0$hP$5Uk
=ACF  \\$aPrevious copyright fee: GBP19.23$c3\0$e01-apr-2020$fGBP19.23$g0$hP$5Uk
=ACF  \\$aPrevious copyright fee: GBP20.00$c3\0$e01-jul-2020$fGBP20.00$g0$hP$5Uk
=ACF  \\$aPrevious copyright fee: GBP18.52$c3\0$e01-apr-2021$fGBP18.52$g0$hP$5Uk
=ACF  \\$aPrevious copyright fee: GBP17.86$c3\0$e07-jul-2021$fGBP17.86$g0$hP$5Uk
=LAS  \\$aIPL-CLA$b00$c20220930$lBLL01$h1559

